%%%

%%%%%%%%%%%%%%%%%%%%%%%%%%%%%% Introduction START %%%%%%%%%%%%%%%%
@article{Aad:2012tfa,
    author = "Aad, Georges and others",
    collaboration = "ATLAS",
    title = "{Observation of a new particle in the search for the Standard Model Higgs boson with the ATLAS detector at the LHC}",
    eprint = "1207.7214",
    archivePrefix = "arXiv",
    primaryClass = "hep-ex",
    reportNumber = "CERN-PH-EP-2012-218",
    doi = "10.1016/j.physletb.2012.08.020",
    journal = "Phys. Lett. B",
    volume = "716",
    pages = "1--29",
    year = "2012"
}
@article{Chatrchyan:2012ufa,
    author = "Chatrchyan, Serguei and others",
    collaboration = "CMS",
    title = "{Observation of a New Boson at a Mass of 125 GeV with the CMS Experiment at the LHC}",
    eprint = "1207.7235",
    archivePrefix = "arXiv",
    primaryClass = "hep-ex",
    reportNumber = "CMS-HIG-12-028, CERN-PH-EP-2012-220",
    doi = "10.1016/j.physletb.2012.08.021",
    journal = "Phys. Lett. B",
    volume = "716",
    pages = "30--61",
    year = "2012"
}
@article{Chatrchyan:2013lba,
    author = "Chatrchyan, Serguei and others",
    collaboration = "CMS",
    title = "{Observation of a New Boson with Mass Near 125 GeV in $pp$ Collisions at $\sqrt{s}$ = 7 and 8 TeV}",
    eprint = "1303.4571",
    archivePrefix = "arXiv",
    primaryClass = "hep-ex",
    reportNumber = "CMS-HIG-12-036, CERN-PH-EP-2013-035",
    doi = "10.1007/JHEP06(2013)081",
    journal = "JHEP",
    volume = "06",
    pages = "081",
    year = "2013"
}
@article{Mangano:2019kji,
    author = "Mangano, Michelangelo",
    title = "{TASI Lectures on Future Colliders}",
    eprint = "1905.07489",
    archivePrefix = "arXiv",
    primaryClass = "hep-ph",
    reportNumber = "CERN-TH-2019-073",
    journal = "PoS",
    volume = "TASI2018",
    pages = "008",
    year = "2019"
}

@article{deFlorian:2016spz,
      author         = "de Florian, D. and others",
      title          = "{Handbook of LHC Higgs Cross Sections: 4. Deciphering the
                        Nature of the Higgs Sector}",
      collaboration  = "LHC Higgs Cross Section Working Group",
      doi            = "10.23731/CYRM-2017-002",
      year           = "2016",
      eprint         = "1610.07922",
      archivePrefix  = "arXiv",
      primaryClass   = "hep-ph",
      reportNumber   = "FERMILAB-FN-1025-T, CERN-2017-002-M",
      SLACcitation   = "%%CITATION = ARXIV:1610.07922;%%"
}

@article{Nakamura:2017irk,
      author         = "Nakamura, Koji and Nishiwaki, Kenji and Oda, Kin-ya and
                        Park, Seong Chan and Yamamoto, Yasuhiro",
      title          = "{Di-higgs enhancement by neutral scalar as probe of new
                        colored sector}",
      journal        = "Eur. Phys. J.",
      volume         = "C77",
      year           = "2017",
      number         = "5",
      pages          = "273",
      doi            = "10.1140/epjc/s10052-017-4835-4",
      eprint         = "1701.06137",
      archivePrefix  = "arXiv",
      primaryClass   = "hep-ph",
      reportNumber   = "KIAS-P17006, OU-HET-923",
      SLACcitation   = "%%CITATION = ARXIV:1701.06137;%%"
}

@article{Englert:2019eyl,
      author         = "Englert, Christoph and Jaeckel, Joerg",
      title          = "{Probing the Symmetric Higgs Portal with Di-Higgs
                        Production}",
      year           = "2019",
      eprint         = "1908.10615",
      archivePrefix  = "arXiv",
      primaryClass   = "hep-ph",
      SLACcitation   = "%%CITATION = ARXIV:1908.10615;%%"
}

@article{Robens:2019kga,
      author         = "Robens, Tania and Stefaniak, Tim and Wittbrodt, Jonas",
      title          = "{Two-real-scalar-singlet extension of the SM: LHC
                        phenomenology and benchmark scenarios}",
      year           = "2019",
      eprint         = "1908.08554",
      archivePrefix  = "arXiv",
      primaryClass   = "hep-ph",
      reportNumber   = "DESY-19-142",
      SLACcitation   = "%%CITATION = ARXIV:1908.08554;%%"
}

@article{Tang:2012pv,
      author         = "Tang, Yong",
      title          = "{Implications of LHC Searches for Massive Graviton}",
      journal        = "JHEP",
      volume         = "08",
      year           = "2012",
      pages          = "078",
      doi            = "10.1007/JHEP08(2012)078",
      eprint         = "1206.6949",
      archivePrefix  = "arXiv",
      primaryClass   = "hep-ph",
      SLACcitation   = "%%CITATION = ARXIV:1206.6949;%%"
}
%%%%%%%%%%%%%%%%%%%%%%%%%%%%%% Introduction END %%%%%%%%%%%%%%%%

%%%%%%%%%%%%%%%%%%%%%%%%%%%%%% Common Hgg PAPER/PAS/AN%%%%%%%%%%%%%%%%
@ARTICLE{AN-19-149,
  AUTHOR       = "{Higgs to Gamma Gamma Working Group}",
  TITLE        = "{Common tools for analyses of Higgs boson decay in the diphoton final state}",
  JOURNAL      = "CMS Analysis Note AN-2019-149",
  URL          = {http://cms.cern.ch/iCMS/jsp/db_notes/noteInfo.jsp?cmsnoteid=CMS\%20AN-2019/149},
  VOLUME       = "2019/149",
  YEAR         = "2019"
}

@article{Sirunyan:2018ouh,
      author         = "Sirunyan, A. M. and others",
      title          = "{Measurements of Higgs boson properties in the diphoton
                        decay channel in proton-proton collisions at $\sqrt{s} =$
                        13 TeV}",
      collaboration  = "CMS",
      journal        = "JHEP",
      volume         = "11",
      year           = "2018",
      pages          = "185",
      doi            = "10.1007/JHEP11(2018)185",
      eprint         = "1804.02716",
      archivePrefix  = "arXiv",
      primaryClass   = "hep-ex",
      reportNumber   = "CMS-HIG-16-040, CERN-EP-2018-060",
      SLACcitation   = "%%CITATION = ARXIV:1804.02716;%%"
}

@article{DBLP:journals/corr/abs-1211-6581,
  author    = {Eleftherios Spyromitros-Xioufis and
               William Groves and
               Grigorios Tsoumakas and
               Ioannis Vlahavas},
  title     = "Multi-target regression via input space expansion: treating targets as inputs",
  journal   = {Mach Learn},
  volume    = {104},
  year      = {2016},
  doi       = "10.1007/s10994-016-5546-z",
  archivePrefix = {arXiv},
  eprint    = "1211.6581",
  timestamp = {Mon, 13 Aug 2018 16:47:39 +0200},
  biburl    = {https://dblp.org/rec/bib/journals/corr/abs-1211-6581},
  bibsource = {dblp computer science bibliography, https://dblp.org}
}
%%%%%%%%%%%%%%%%%%%%%%%%%%%%%% Common Hgg PAPER/PAS/AN END%%%%%%%%%%%%

%%%%%%%%%%%%%%%%%%%%%%%%%%%%%% MC SAMPLES START %%%%%%%%%%%%%%%%%%%%%%%%%%%%%%
@article{Alwall:2014hca,
    author = "Alwall, J. and Frederix, R. and Frixione, S. and Hirschi, V. and Maltoni, F. and Mattelaer, O. and Shao, H. -S. and Stelzer, T. and Torrielli, P. and Zaro, M.",
    title = "{The automated computation of tree-level and next-to-leading order differential cross sections, and their matching to parton shower simulations}",
    eprint = "1405.0301",
    archivePrefix = "arXiv",
    primaryClass = "hep-ph",
    reportNumber = "CERN-PH-TH-2014-064, CP3-14-18, LPN14-066, MCNET-14-09, ZU-TH-14-14",
    doi = "10.1007/JHEP07(2014)079",
    journal = "JHEP",
    volume = "07",
    pages = "079",
    year = "2014"
}

@article{Nason:2004rx,
    author = "Nason, Paolo",
    title = "{A New method for combining NLO QCD with shower Monte Carlo algorithms}",
    eprint = "hep-ph/0409146",
    archivePrefix = "arXiv",
    reportNumber = "BICOCCA-FT-04-11",
    doi = "10.1088/1126-6708/2004/11/040",
    journal = "JHEP",
    volume = "11",
    pages = "040",
    year = "2004"
}

@article{Frixione:2007vw,
    author = "Frixione, Stefano and Nason, Paolo and Oleari, Carlo",
    title = "{Matching NLO QCD computations with Parton Shower simulations: the POWHEG method}",
    eprint = "0709.2092",
    archivePrefix = "arXiv",
    primaryClass = "hep-ph",
    reportNumber = "BICOCCA-FT-07-9, GEF-TH-21-2007",
    doi = "10.1088/1126-6708/2007/11/070",
    journal = "JHEP",
    volume = "11",
    pages = "070",
    year = "2007"
}

@article{Alioli:2010xd,
    author = "Alioli, Simone and Nason, Paolo and Oleari, Carlo and Re, Emanuele",
    title = "{A general framework for implementing NLO calculations in shower Monte Carlo programs: the POWHEG BOX}",
    eprint = "1002.2581",
    archivePrefix = "arXiv",
    primaryClass = "hep-ph",
    reportNumber = "DESY-10-018, SFB-CPP-10-22, IPPP-10-11, DCPT-10-22",
    doi = "10.1007/JHEP06(2010)043",
    journal = "JHEP",
    volume = "06",
    pages = "043",
    year = "2010"
}

@article{Heinrich:2019bkc,
    author = "Heinrich, G. and Jones, S.P. and Kerner, M. and Luisoni, G. and Scyboz, L.",
    title = "{Probing the trilinear Higgs boson coupling in di-Higgs production at NLO QCD including parton shower effects}",
    eprint = "1903.08137",
    archivePrefix = "arXiv",
    primaryClass = "hep-ph",
    reportNumber = "CERN-TH-2019-028, MPP-2019-50, ZU-TH-09/19",
    doi = "10.1007/JHEP06(2019)066",
    journal = "JHEP",
    volume = "06",
    pages = "066",
    year = "2019"
}

@article{Sjostrand:2014zea,
      author         = "Sj{\"o}strand, Torbj√∂rn and Ask, Stefan and Christiansen,
                        Jesper R. and Corke, Richard and Desai, Nishita and Ilten,
                        Philip and Mrenna, Stephen and Prestel, Stefan and
                        Rasmussen, Christine O. and Skands, Peter Z.",
      title          = "{An Introduction to PYTHIA 8.2}",
      journal        = "Comput. Phys. Commun.",
      volume         = "191",
      year           = "2015",
      pages          = "159-177",
      doi            = "10.1016/j.cpc.2015.01.024",
      eprint         = "1410.3012",
      archivePrefix  = "arXiv",
      primaryClass   = "hep-ph",
      reportNumber   = "LU-TP-14-36, MCNET-14-22, CERN-PH-TH-2014-190,
                        FERMILAB-PUB-14-316-CD, DESY-14-178, SLAC-PUB-16122",
      SLACcitation   = "%%CITATION = ARXIV:1410.3012;%%"
}

@article{Khachatryan:2015pea,
      author         = "Khachatryan, Vardan and others",
      title          = "{Event generator tunes obtained from underlying event and
                        multiparton scattering measurements}",
      collaboration  = "CMS",
      journal        = "Eur. Phys. J.",
      volume         = "C76",
      year           = "2016",
      number         = "3",
      pages          = "155",
      doi            = "10.1140/epjc/s10052-016-3988-x",
      eprint         = "1512.00815",
      archivePrefix  = "arXiv",
      primaryClass   = "hep-ex",
      reportNumber   = "CMS-GEN-14-001, CERN-PH-EP-2015-291",
      SLACcitation   = "%%CITATION = ARXIV:1512.00815;%%"
}

@article{Sirunyan:2019dfx,
      author         = "Sirunyan, Albert M and others",
      title          = "{Extraction and validation of a new set of CMS PYTHIA8
                        tunes from underlying-event measurements}",
      collaboration  = "CMS",
      year           = "2019",
      eprint         = "1903.12179",
      archivePrefix  = "arXiv",
      primaryClass   = "hep-ex",
      reportNumber   = "CMS-GEN-17-001, CERN-EP-2019-007",
      SLACcitation   = "%%CITATION = ARXIV:1903.12179;%%"
}
%%%%%%%%%%%%%%%%%%%%%%%%%%%%%% MC SAMPLES END %%%%%%%%%%%%%%%%%%%%%%%%%%%%%%

%%%%%%%%%%%%%%%%%%%%%%%%%%%%%% EFT START %%%%%%%%%%%%%%%%%%%%%%%%%%%%%%
@article{Carvalho:2016rys,
    author = "Carvalho, Alexandra and Dall'Osso, Martino and De Castro Manzano, Pablo and Dorigo, Tommaso and Goertz, Florian and Gouzevich, Maxime and Tosi, Mia",
    title = "{Analytical parametrization and shape classification of anomalous HH production in the EFT approach}",
    eprint = "1608.06578",
    archivePrefix = "arXiv",
    primaryClass = "hep-ph",
    reportNumber = "LHCHXSWG-2016-001",
    month = "7",
    year = "2016"
}

@article{Carvalho:2015ttv,
    author = "Carvalho, Alexandra and Dall'Osso, Martino and Dorigo, Tommaso and Goertz, Florian and Gottardo, Carlo A. and Tosi, Mia",
    title = "{Higgs Pair Production: Choosing Benchmarks With Cluster Analysis}",
    eprint = "1507.02245",
    archivePrefix = "arXiv",
    primaryClass = "hep-ph",
    doi = "10.1007/JHEP04(2016)126",
    journal = "JHEP",
    volume = "04",
    pages = "126",
    year = "2016"
}

@article{Capozi:2019xsi,
  author        = {Capozi, Matteo and Heinrich, Gudrun},
  title         = {{Exploring anomalous couplings in Higgs boson pair production through shape analysis}},
  eprint        = {1908.08923},
  archiveprefix = {arXiv},
  primaryclass  = {hep-ph},
  reportnumber  = {MPP-2019-183},
  doi           = {10.1007/JHEP03(2020)091},
  journal       = {JHEP},
  volume        = {03},
  pages         = {091},
  year          = {2020}
}

@article{Carvalho:2017vnu,
    author = "Carvalho, Alexandra and Goertz, Florian and Mimasu, Ken and Gouzevitch, Maxime and Aggarwal, Anamika",
    title = "{On the reinterpretation of non-resonant searches for Higgs boson pairs}",
    eprint = "1710.08261",
    archivePrefix = "arXiv",
    primaryClass = "hep-ph",
    month = "10",
    year = "2017"
}

@article{Buchalla:2018yce,
    author = "Buchalla, G. and Capozi, M. and Celis, A. and Heinrich, G. and Scyboz, L.",
    title = "{Higgs boson pair production in non-linear Effective Field Theory with full $m_t$-dependence at NLO QCD}",
    eprint = "1806.05162",
    archivePrefix = "arXiv",
    primaryClass = "hep-ph",
    reportNumber = "LMU-ASC 34/18, MPP-2018-127, LMU-ASC-34-18",
    doi = "10.1007/JHEP09(2018)057",
    journal = "JHEP",
    volume = "09",
    pages = "057",
    year = "2018"
}

@article{Heinrich:2020ckp,
    author = "Heinrich, Gudrun and Jones, Stephen P. and Kerner, Matthias and Scyboz, Ludovic",
    title = "{A non-linear EFT description of $gg\to HH$ at NLO interfaced to POWHEG}",
    eprint = "2006.16877",
    archivePrefix = "arXiv",
    primaryClass = "hep-ph",
    reportNumber = "CERN-TH-2020-106, KA-TP-04-2020, OUTP-20-06P, P3H-20-026,
  ZU-TH-21/20, P3H-20-026, ZU-TH-21/20",
    doi = "10.1007/JHEP10(2020)021",
    journal = "JHEP",
    volume = "10",
    pages = "021",
    year = "2020"
}

@misc{hhmg,
       howpublished = {\url{https://cp3.irmp.ucl.ac.be/projects/madgraph/wiki/HiggsPairProduction}},
}

@misc{reweighting_results_1,
       howpublished = {\url{https://indico.cern.ch/event/996682/contributions/4232107/}},
}

@misc{reweighting_results_2,
       howpublished = {\url{https://indico.cern.ch/event/996681/contributions/4212133/}},
}

@misc{reweighting_implementation,
       howpublished = {\url{https://github.com/pmandrik/VSEVA/blob/master/HHWWgg/reweight/reweight_HH.C}},
}
%%%%%%%%%%%%%%%%%%%%%%%%%%%%%% EFT END %%%%%%%%%%%%%%%%%%%%%%%%%%%%%%

%%%%%%%%%%%%%%%%%%%%%%%%%%%%%% BDT START %%%%%%%%%%%%%%%%%%%%%%%%%%%%%%
@article{TMVA2007,
      author         = "Hocker, Andreas and others",
      title          = "{TMVA - Toolkit for Multivariate Data Analysis}",
      booktitle      = "{Proceedings, 11th International Workshop on Advanced
                        computing and analysis techniques in physics research
                        (ACAT 2007): Amsterdam, Netherlands, April 23-27, 2007}",
      journal        = "PoS",
      volume         = "ACAT",
      year           = "2007",
      pages          = "040",
      eprint         = "physics/0703039",
      archivePrefix  = "arXiv",
      primaryClass   = "PHYSICS",
      reportNumber   = "CERN-OPEN-2007-007",
      SLACcitation   = "%%CITATION = PHYSICS/0703039;%%"
}
%%%%%%%%%%%%%%%%%%%%%%%%%%%%%% BDT END %%%%%%%%%%%%%%%%%%%%%%%%%%%%%%

%%%%%%%%%%%%%%%%%%%%%%%%%%%%%% SYSTEMATICS UNCERTANTIES START %%%%%%%%%%%%%%%%%%%%%%%%%%%%%%
@misc{SysLuminosity,
      howpublished = {\url{https://twiki.cern.ch/twiki/bin/viewauth/CMS/TWikiLUM}},
}

@misc{TriggerPrefire,
      howpublished = {\url{https://twiki.cern.ch/twiki/bin/viewauth/CMS/L1ECALPrefiringWeightRecipe}},
}

@article{Sirunyan:2018fpa,
      author         = "Sirunyan, A. M. and others",
      title          = "{Performance of the CMS muon detector and muon
                        reconstruction with proton-proton collisions at
                        $\sqrt{s}=$ 13 TeV}",
      collaboration  = "CMS",
      journal        = "JINST",
      volume         = "13",
      year           = "2018",
      pages          = "P06015",
      doi            = "10.1088/1748-0221/13/06/P06015",
      eprint         = "1804.04528",
      archivePrefix  = "arXiv",
      primaryClass   = "physics.ins-det",
      reportNumber   = "CMS-MUO-16-001, CERN-EP-2018-058",
      SLACcitation   = "%%CITATION = ARXIV:1804.04528;%%"
}

@article{Khachatryan:2015hwa,
    author = "Khachatryan, Vardan and others",
    collaboration = "CMS",
    title = "{Performance of Electron Reconstruction and Selection with the CMS Detector in Proton-Proton Collisions at \ensuremath{\sqrt{}}s = 8  TeV}",
    eprint = "1502.02701",
    archivePrefix = "arXiv",
    primaryClass = "physics.ins-det",
    reportNumber = "CMS-EGM-13-001, CERN-PH-EP-2015-004",
    doi = "10.1088/1748-0221/10/06/P06005",
    journal = "JINST",
    volume = "10",
    number = "06",
    pages = "P06005",
    year = "2015"
}

@misc{SysElectronEnergyResolution,
      howpublished = {\url{https://twiki.cern.ch/twiki/bin/viewauth/CMS/EgammaMiniAODV2#Energy_Scale_and_Smearing}},
}

@article{Khachatryan:2016kdb,
    author = "Khachatryan, Vardan and others",
    collaboration = "CMS",
    title = "{Jet energy scale and resolution in the CMS experiment in pp collisions at 8 TeV}",
    eprint = "1607.03663",
    archivePrefix = "arXiv",
    primaryClass = "hep-ex",
    reportNumber = "CMS-JME-13-004, CERN-PH-EP-2015-305",
    doi = "10.1088/1748-0221/12/02/P02014",
    journal = "JINST",
    volume = "12",
    number = "02",
    pages = "P02014",
    year = "2017"
}

@misc{SysJetEnergyResolution,
      howpublished = {\url{https://twiki.cern.ch/twiki/bin/view/CMS/JECUncertaintySources#Run_2_reduced_set_of_uncertainty}},
}

@article{Sirunyan:2017ezt,
    author = "Sirunyan, A.M. and others",
    collaboration = "CMS",
    title = "{Identification of heavy-flavour jets with the CMS detector in pp collisions at 13 TeV}",
    eprint = "1712.07158",
    archivePrefix = "arXiv",
    primaryClass = "physics.ins-det",
    reportNumber = "CMS-BTV-16-002, CERN-EP-2017-326",
    doi = "10.1088/1748-0221/13/05/P05011",
    journal = "JINST",
    volume = "13",
    number = "05",
    pages = "P05011",
    year = "2018"
}

@misc{BtaginMethods,
      howpublished = {\url{https://twiki.cern.ch/twiki/bin/view/CMS/BTagSFMethods#1a_Event_reweighting_using_scale}},
}

@article{Butterworth:2015oua,
    author = "Butterworth, Jon and others",
    title = "{PDF4LHC recommendations for LHC Run II}",
    eprint = "1510.03865",
    archivePrefix = "arXiv",
    primaryClass = "hep-ph",
    reportNumber = "OUTP-15-17P, SMU-HEP-15-12, TIF-UNIMI-2015-14, LCTS-2015-27, CERN-PH-TH-2015-249",
    doi = "10.1088/0954-3899/43/2/023001",
    journal = "J. Phys. G",
    volume = "43",
    pages = "023001",
    year = "2016"
}

@article{Ball:2014uwa,
    author = "Ball, Richard D. and others",
    collaboration = "NNPDF",
    title = "{Parton distributions for the LHC Run II}",
    eprint = "1410.8849",
    archivePrefix = "arXiv",
    primaryClass = "hep-ph",
    reportNumber = "EDINBURGH-2014-15, IFUM-1034-FT, CERN-PH-TH-2013-253, OUTP-14-11P, CAVENDISH-HEP-14-11",
    doi = "10.1007/JHEP04(2015)040",
    journal = "JHEP",
    volume = "04",
    pages = "040",
    year = "2015"
}

@article{Grazzini:2018bsd,
    author = "Grazzini, Massimiliano and Heinrich, Gudrun and Jones, Stephen and Kallweit, Stefan and Kerner, Matthias and Lindert, Jonas M. and Mazzitelli, Javier",
    title = "{Higgs boson pair production at NNLO with top quark mass effects}",
    eprint = "1803.02463",
    archivePrefix = "arXiv",
    primaryClass = "hep-ph",
    reportNumber = "CERN-TH-2018-044, IPPP/18/15, MPP-2018-30, ZU-TH 10/18, IPPP-18-15, ZU-TH-10-18",
    doi = "10.1007/JHEP05(2018)059",
    journal = "JHEP",
    volume = "05",
    pages = "059",
    year = "2018"
}
@ARTICLE{AN-16-171,
   AUTHOR       = "{Higgs to W W Working Group}",
   TITLE        = "{Search for high mass resonances using WW fully leptonic decays at 13 TeV}",
   JOURNAL      = "CMS Analysis Note AN-2016-171",
   URL          = {http://cms.cern.ch/iCMS/jsp/db_notes/noteInfo.jsp?cmsnoteid=CMS\%20AN-2016/171},
   VOLUME       = "2016/171",
   YEAR         = "2016"
}
@ARTICLE{AN-19-186,
   AUTHOR       = "{tt Higgs Working Group}",
   TITLE        = "{ttH ($H\rightarrow \gamma\gamma$ ) at $\sqrt{s}$ = 13 TeV with the Run II dataset}",
   JOURNAL      = "CMS Analysis Note AN-2019-186",
   URL          = {http://cms.cern.ch/iCMS/jsp/db_notes/noteInfo.jsp?cmsnoteid=CMS\%20AN-2019/186},
   VOLUME       = "2019/186",
   YEAR         = "2019"
}

@misc{ExpectedFSMSerror,
       howpublished = {\url{https://github.com/pmandrik/HH_pair/tree/master/HH_yyWW/cms_results_v0}},
}

@article{whiteson_DNN,
author = {Baldi, Pierre and Sadowski, Peter and Whiteson, Daniel},
year = {2014},
month = {07},
pages = {4308},
title = {Searching for Exotic Particles in High-Energy Physics with Deep Learning},
volume = {5},
journal = {Nature communications},
doi = {10.1038/ncomms5308}
}

@book{shapley_values,
author="Shapley, Lloyd S.",
title="A Value for n-Person Games",
address="Santa Monica, CA",
year="1952",
doi="",
publisher="RAND Corporation"
}
%%%%%%%%%%%%%%%%%%%%%%%%%%%%%% SYSTEMATICS UNCERTANTIES END %%%%%%%%%%%%%%%%%%%%%%%%%%%%%%

%%%%%%%%%%%%%%%%%%%%%%%%%%%%%% Data-Driven QCD: Start %%%%%%%%%%%%%%%%%%%%%%%%%%%%%%
@article{Sirunyan:2020sum,
    author = "Sirunyan, Albert M and others",
    collaboration = "CMS",
    title = "{Measurements of $\mathrm{t\bar{t}}H$ Production and the CP Structure of the Yukawa Interaction between the Higgs Boson and Top Quark in the Diphoton Decay Channel}",
    eprint = "2003.10866",
    archivePrefix = "arXiv",
    primaryClass = "hep-ex",
    reportNumber = "CMS-HIG-19-013, CERN-EP-2020-028",
    doi = "10.1103/PhysRevLett.125.061801",
    journal = "Phys. Rev. Lett.",
    volume = "125",
    number = "6",
    pages = "061801",
    year = "2020"
}
%%%%%%%%%%%%%%%%%%%%%%%%%%%%%% Data-Driven QCD: END %%%%%%%%%%%%%%%%%%%%%%%%%%%%%%

% @misc{htool,
%       howpublished = {\url{https://cms-analysis.github.io/HiggsAnalysis-CombinedLimit/}},
% }

@article{CLS1,
      author         = "Read, Alexander L.",
      title          = "Presentation of search results: The {CL$_{\text{s}}$} technique",
      journal        = "J. Phys. G",
      volume         = "28",
      year           = "2002",
      pages          = "2693",
      doi            = "10.1088/0954-3899/28/10/313",
      SLACcitation   = "%%CITATION = JPAGA,G28,2693;%%"
}

@article{CLS2,
      author         = "Junk, Thomas",
      title          = "Confidence level computation for combining searches with
                        small statistics",
      journal        = "Nucl. Instrum. Meth. A",
      volume         = "434",
      year           = "1999",
      pages          = "435",
      doi            = "10.1016/S0168-9002(99)00498-2",
      eprint         = "hep-ex/9902006",
      archivePrefix  = "arXiv",
      primaryClass   = "hep-ex",
      reportNumber   = "CARLETON-OPAL-PHYS-99-01, CERN-EP-99-041",
      SLACcitation   = "%%CITATION = HEP-EX/9902006;%%"
}

@article{Cowan:2010js,
    author = "Cowan, Glen and Cranmer, Kyle and Gross, Eilam and Vitells, Ofer",
    title = "{Asymptotic formulae for likelihood-based tests of new physics}",
    eprint = "1007.1727",
    archivePrefix = "arXiv",
    primaryClass = "physics.data-an",
    doi = "10.1140/epjc/s10052-011-1554-0",
    journal = "Eur. Phys. J. C",
    volume = "71",
    pages = "1554",
    year = "2011",
    note = "[Erratum: Eur.Phys.J.C 73, 2501 (2013)]"
}

@article{Dauncey_2015,
   title={Handling uncertainties in background shapes: the discrete profiling method},
   volume={10},
   ISSN={1748-0221},
   url={http://dx.doi.org/10.1088/1748-0221/10/04/P04015},
   DOI={10.1088/1748-0221/10/04/p04015},
   number={04},
   journal={Journal of Instrumentation},
   publisher={IOP Publishing},
   author={Dauncey, P.D. and Kenzie, M. and Wardle, N. and Davies, G.J.},
   year={2015},
   month={Apr},
   pages={P04015‚ÄìP04015}
}

@article{Cowan_2011,
   title={Asymptotic formulae for likelihood-based tests of new physics},
   volume={71},
   ISSN={1434-6052},
   url={http://dx.doi.org/10.1140/epjc/s10052-011-1554-0},
   DOI={10.1140/epjc/s10052-011-1554-0},
   number={2},
   journal={The European Physical Journal C},
   publisher={Springer Science and Business Media LLC},
   author={Cowan, Glen and Cranmer, Kyle and Gross, Eilam and Vitells, Ofer},
   year={2011},
   month={Feb}
}

@article{CMS:2008xjf,
    author = "Chatrchyan, S. and others",
    collaboration = "CMS",
    title = "The {CMS} experiment at the {CERN} {LHC}",
    doi = "10.1088/1748-0221/3/08/S08004",
    journal = "JINST",
    volume = "3",
    pages = "S08004",
    year = "2008"
}
%L1 trigger:

@article{CMS:2020cmk,
    author = "Sirunyan, Albert M and others",
    collaboration = "CMS",
    title = "{Performance of the CMS Level-1 trigger in proton-proton collisions at $\sqrt{s}$ = 13 TeV}",
    journal = "JINST",
    volume = "15",
    pages = "P10017",
    year = "2020",
    doi = "10.1088/1748-0221/15/10/P10017",
    eprint = "2006.10165",
    archivePrefix = "arXiv",
    primaryClass = "hep-ex",
    reportNumber = "CMS-TRG-17-001, CERN-EP-2020-065",
}
%HLT:

@article{CMS:2016ngn,
      author         = "Khachatryan, Vardan and others",
      title              = "{The CMS trigger system}",
      collaboration  = "CMS",
      journal        = "JINST",
      volume         = "12",
      pages          = "P01020",
      doi            = "10.1088/1748-0221/12/01/P01020",
      year           = "2017",
      eprint         = "1609.02366",
      archivePrefix  = "arXiv",
      primaryClass   = "physics.ins-det",
      reportNumber   = "CMS-TRG-12-001, CERN-EP-2016-160",
      SLACcitation   = "%%CITATION = ARXIV:1609.02366;%%"
}
%Particle-flow:

@article{CMS:2017yfk,
      author         = "Sirunyan, A. M. and others",
      title          = "Particle-flow reconstruction and global event description with the {CMS} detector",
      collaboration  = "CMS",
      journal     = "JINST",
      volume    = "12",
      year         = "2017",
      pages      = "P10003",
      doi           = "10.1088/1748-0221/12/10/P10003",
      eprint         = "1706.04965",
      archivePrefix  = "arXiv",
      primaryClass   = "physics.ins-det",
      reportNumber   = "CMS-PRF-14-001, CERN-EP-2017-110",
      SLACcitation   = "%%CITATION = ARXIV:1706.04965;%%",
}
%Electron and photon reconstruction and selection, Run 2:

@article{CMS:2020uim,
    author        = "Sirunyan, Albert M and others",
    collaboration = "CMS",
    title         = "Electron and photon reconstruction and identification with the {CMS} experiment at the {CERN} {LHC}",
    eprint        = "2012.06888",
    journal       = "JINST",
    volume        = "16",
    pages         = "P05014",
    year          = "2021",
    archivePrefix = "arXiv",
    primaryClass  = "hep-ex",
    reportNumber  = "CMS-EGM-17-001, CERN-EP-2020-219",
    doi           = "10.1088/1748-0221/16/05/P05014"
}

@misc{CMS-DP-2019-031,
      title         = "{CMS-DP-2019-031: CMS ECAL trigger plots}",
      collaboration = "CMS Collaboration",
      month         = "Sep",
      year          = "2019",
      url           = "https://cds.cern.ch/record/2690933",
        howpublished = {
        \url{https://cds.cern.ch/record/2690933}
        },      
}

@misc{CMS-DP-2019-031_Plots,
    title = "{CMS ECAL public plots: CMS-DP-2019-031}",
    url = https://cmsdpgplots.web.cern.ch/#/ecalapproved/CMS-DP-2019_031,
    year = "2019",
    howpublished = {
    \url{https://cmsdpgplots.web.cern.ch/#/ecalapproved/CMS-DP-2019_031}
    },
    % note = {Available at \url{https://github.com/cms-sw/cmssw/pull/33349}}
}

@misc{CMS-DP-2022-016,
      title         = "{CMS-DP-2022-016: ECAL trigger for Run 3:}",
      month         = "Jun",
      year          = "2022",
        howpublished = {
        \url{https://cds.cern.ch/record/2812785}
        },         
      url           = "https://cds.cern.ch/record/2812785",
}

@misc{CMS-DP-2022-016_Plots,
      title         = "{CMS ECAL public plots: CMS-DP-2022-016}",
      month         = "Jun",
      year          = "2022",
        howpublished = {
        \url{https://cmsdpgplots.web.cern.ch/#/ecalapproved/CMS-DP-2022_016}
        },         
      url           = "https://cmsdpgplots.web.cern.ch/#/ecalapproved/CMS-DP-2022_016",
}

@misc{CMS-DP-2022-007,
      title         = "{CMS-DP-2022-007: ECAL trigger for Run 3}",
      month         = "Apr",
      year          = "2022",
      url           = "https://cds.cern.ch/record/2808229",
        howpublished = {
        \url{https://cds.cern.ch/record/2808229}
        },        
}

@misc{CMS-DP-2022-007_Plots,
      title         = "{CMS ECAL public plots: CMS-DP-2022-007}",
      month         = "Apr",
      year          = "2022",
      url           = "https://cmsdpgplots.web.cern.ch/#/ecalapproved/CMS-DP-2022_007",
        howpublished = {
        \url{https://cmsdpgplots.web.cern.ch/#/ecalapproved/CMS-DP-2022_007}
        },        
}


@misc{CMS-DP-2022-016,
      title         = "{CMS-DP-2022-016: ECAL trigger for Run 3:}",
      month         = "Jun",
      year          = "2022",
        howpublished = {
        \url{https://cds.cern.ch/record/2812785}
        },         
      url           = "https://cds.cern.ch/record/2812785",
}

@misc{CMS-DP-2022-016_Plots,
      title         = "{CMS ECAL public plots: CMS-DP-2022-016}",
      month         = "Jun",
      year          = "2022",
        howpublished = {
        \url{https://cmsdpgplots.web.cern.ch/#/ecalapproved/CMS-DP-2022_016}
        },         
      url           = "https://cmsdpgplots.web.cern.ch/#/ecalapproved/CMS-DP-2022_016",
}


@misc{CMS-DP-2012-008,
      title         = "{CMS-DP-2012-008: ECAL Detector Performance Plots: more on 2011 data}",
      collaboration = "CMS Collaboration",
      month         = "Jun",
      year          = "2012",
      url           = "http://cds.cern.ch/record/1457923",
        howpublished = {
        \url{http://cds.cern.ch/record/1457923}
        },         
}

@misc{CMS-DP-2012-008_Plots,
      title         = "{CMS ECAL public plots: CMS-DP-2012-008}",
      collaboration = "CMS Collaboration",
      month         = "Jun",
      year          = "2012",
      url           = "https://cmsdpgplots.web.cern.ch/#/ecalapproved/CMS-DP-2012_008",
        howpublished = {
        \url{https://cmsdpgplots.web.cern.ch/#/ecalapproved/CMS-DP-2012_008}
        },         
}


@techreport{CMS-DP-2020-021,
      title         = "{ECAL} 2016 refined calibration and {Run2} summary plots",
      author        = "{CMS Collaboration}",
      collaboration = "{CMS}",
      url           = "https://cds.cern.ch/record/2717925",
      type          = "CMS Detector Performance Summary",
      number        = "CMS-DP-2020-021",
      year          = "2020"
}
%Electron reconstruction and selection, Run 1:

@article{CMS:2015xaf,
      author         = "Khachatryan, Vardan and others",
      title          = "{Performance of electron reconstruction and selection
                        with the CMS detector in proton-proton collisions at
                        $\sqrt{s} = 8$\TeV}",
      collaboration  = "CMS",
      journal        = "JINST",
      volume         = "10",
      pages          = "P06005",
      doi            = "10.1088/1748-0221/10/06/P06005",
      year           = "2015",
      eprint         = "1502.02701",
      archivePrefix  = "arXiv",
      primaryClass   = "physics.ins-det",
      reportNumber   = "CMS-EGM-13-001, CERN-PH-EP-2015-004",
      SLACcitation   = "%%CITATION = ARXIV:1502.02701;%%",
}
%Muon reconstruction and selection:

@article{CMS:2018rym,
    author = "Sirunyan, A. M. and others",
    collaboration = "CMS",
    title = "{Performance of the CMS muon detector and muon reconstruction with proton-proton collisions at $\sqrt{s}=$ 13 TeV}",
    eprint = "1804.04528",
    archivePrefix = "arXiv",
    primaryClass = "physics.ins-det",
    reportNumber = "CMS-MUO-16-001, CERN-EP-2018-058",
    doi = "10.1088/1748-0221/13/06/P06015",
    journal = "JINST",
    volume = "13",
    pages = "P06015",
    year = "2018"
}
%Photon reconstruction and selection, Run 1:

@article{CMS:2015myp,
    author = "Khachatryan, Vardan and others",
    collaboration = "CMS",
    title = "Performance of Photon Reconstruction and Identification with the {CMS} Detector in Proton-Proton Collisions at sqrt(s) = 8 {TeV}",
    eprint = "1502.02702",
    archivePrefix = "arXiv",
    primaryClass = "physics.ins-det",
    reportNumber = "CMS-EGM-14-001, CERN-PH-EP-2015-006",
    doi = "10.1088/1748-0221/10/08/P08010",
    journal = "JINST",
    volume = "10",
    pages = "P08010",
    year = "2015"
}
%Tracking:

@article{CMS:2014pgm,
    author = "Chatrchyan, Serguei and others",
    collaboration = "CMS",
    title = "{Description and performance of track and primary-vertex reconstruction with the CMS tracker}",
    eprint = "1405.6569",
    archivePrefix = "arXiv",
    primaryClass = "physics.ins-det",
    reportNumber = "CMS-TRK-11-001, CERN-PH-EP-2014-070",
    doi = "10.1088/1748-0221/9/10/P10009",
    journal = "JINST",
    volume = "9",
    pages = "P10009",
    year = "2014"
}
%tau reconstruction and identification:

@article{CMS:2018jrd,
    author = "Sirunyan, A. M. and others",
    collaboration = "CMS",
    title = "{Performance of reconstruction and identification of $\tau$ leptons decaying to hadrons and $\nu_\tau$ in pp collisions at $\sqrt{s}=$ 13 TeV}",
    eprint = "1809.02816",
    archivePrefix = "arXiv",
    primaryClass = "hep-ex",
    reportNumber = "CMS-TAU-16-003, CERN-EP-2018-229",
    doi = "10.1088/1748-0221/13/10/P10005",
    journal = "JINST",
    volume = "13",
    number = "10",
    pages = "P10005",
    year = "2018"
}
%Jets, including jet energy scale and resolution:

@article{CMS:2016lmd,
      author         = "Khachatryan, Vardan and others",
      title          = "{Jet energy scale and resolution in the CMS experiment in
                           pp collisions at 8 TeV}",
      collaboration  = "CMS",
      journal        = "JINST",
      volume         = "12",
      year           = "2017",
      pages          = "P02014",
      doi            = "10.1088/1748-0221/12/02/P02014",
      eprint         = "1607.03663",
      archivePrefix  = "arXiv",
      primaryClass   = "hep-ex",
      reportNumber   = "CMS-JME-13-004, CERN-PH-EP-2015-305",
      SLACcitation   = "%%CITATION = ARXIV:1607.03663;%%"
}
%Missing transverse momentum:

@article{CMS:2019ctu,
      author         = "Sirunyan, Albert M and others",
      title          = "Performance of missing transverse momentum
                        reconstruction in proton-proton collisions at $\sqrt{s} =
                        13$\,{TeV} using the {CMS} detector",
      collaboration  = "CMS",
      journal        = "JINST",
      volume         = "14",
      year           = "2019",
      pages          = "P07004",
      doi            = "10.1088/1748-0221/14/07/P07004",
      eprint         = "1903.06078",
      archivePrefix  = "arXiv",
      primaryClass   = "hep-ex",
      reportNumber   = "CMS-JME-17-001, CERN-EP-2018-335",
      SLACcitation   = "%%CITATION = ARXIV:1903.06078;%%"
}

@article{CMS-LUM-17-003,
    author = "Sirunyan, Albert M and others",
    collaboration = "CMS",
    title = "Precision luminosity measurement in proton-proton collisions at $\sqrt{s} =$ 13 {TeV} in 2015 and 2016 at {CMS}",
    eprint = "2104.01927",
    archivePrefix = "arXiv",
    primaryClass = "hep-ex",
    reportNumber = "CMS-LUM-17-003, CERN-EP-2021-033",
    year = "2021",
    doi = "10.1140/epjc/s10052-021-09538-2",
    journal = "Eur. Phys. J. C",
    volume = "81",
    pages = "800",
}

@techreport{CMS-PAS-LUM-17-004,
    title         = "{CMS} luminosity measurement for the 2017 data-taking period at $\sqrt{s}$ = 13 {TeV}",
    author        = "{CMS Collaboration}",
    collaboration = "{CMS}",
    url           = "https://cds.cern.ch/record/2621960/",
    type          = "CMS Physics Analysis Summary",
    number        = "CMS-PAS-LUM-17-004",
    year          = "2018"
}

@techreport{CMS-PAS-LUM-18-002,
    title         = "{CMS} luminosity measurement for the 2018 data-taking period at $\sqrt{s}$ = 13 {TeV}",
    author        = "{CMS Collaboration}",
    collaboration = "{CMS}",
    url           = "https://cds.cern.ch/record/2676164/",
    type          = "CMS Physics Analysis Summary",
    number        = "CMS-PAS-LUM-18-002",
    year          = "2019"
}

@article{CMS:2020xrn,
    author = "Sirunyan, Albert M and others",
    collaboration = "CMS",
    title = "A measurement of the {Higgs} boson mass in the diphoton decay channel",
    eprint = "2002.06398",
    archivePrefix = "arXiv",
    primaryClass = "hep-ex",
    reportNumber = "CMS-HIG-19-004, CERN-EP-2020-004",
    doi = "10.1016/j.physletb.2020.135425",
    journal = "Phys. Lett. B",
    volume = "805",
    pages = "135425",
    year = "2020"
}

% ATLAS HH->WWgammagamma with 2016 data 
@article{Aaboud2018,
    author={Aaboud, M. and others},
    title={Search for Higgs boson pair production in the {$\gamma$$\gamma$$WW^{*}$} channel using $pp$ collision data recorded at  $\sqrt{s} = $ 13 {TeV} with the ATLAS detector},
    journal={The European Physical Journal C},
    year={2018},
    month={Dec},
    day={11},
    volume={78},
    number={12},
    pages={1007},
    abstract={Searches for non-resonant and resonant Higgs boson pair production are performed in the {\$}{\$}{\backslash}gamma {\backslash}gamma WW^*{\$}{\$}channel with the final state of {\$}{\$}{\backslash}gamma {\backslash}gamma {\backslash}ell {\backslash}nu jj{\$}{\$}using 36.1¬†{\$}{\$}{\backslash}hbox {\{}fb{\}}^{\{}-1{\}}{\$}{\$}of proton--proton collision data recorded at a centre-of-mass energy of {\$}{\$}{\backslash}sqrt{\{}s{\}}={\$}{\$}13 TeV by the ATLAS detector at the Large Hadron Collider. No significant deviation from the Standard Model prediction is observed. A 95{\%} confidence-level observed upper limit of 7.7 pb is set on the cross section for non-resonant production, while the expected limit is 5.4 pb. A search for a narrow-width resonance X decaying to a pair of Standard Model Higgs bosons HH is performed with the same set of data, and the observed upper limits on {\$}{\$}{\backslash}sigma (pp{\backslash}rightarrow X){\backslash}times B(X{\backslash}rightarrow HH){\$}{\$}range between 40.0 and 6.1 pb for masses of the resonance between 260 and 500¬†GeV, while the expected limits range between 17.6 and 4.4 pb. When deriving the limits above, the Standard Model branching ratios of the {\$}{\$}H{\{}{\backslash}rightarrow {\}}{\{}{\backslash}gamma {\backslash}gamma {\}}{\$}{\$}and {\$}{\$}H{\{}{\backslash}rightarrow {\}}WW^*{\$}{\$}are assumed.},
    issn={1434-6052},
    doi={10.1140/epjc/s10052-018-6457-x},
    url={https://doi.org/10.1140/epjc/s10052-018-6457-x}
}

@article{Sirunyan_2020,
	doi = {10.1088/1748-0221/15/10/p10017},

    eprint = "2006.10165",
    archivePrefix = "arXiv",  
  
	url = {https://doi.org/10.1088\%2F1748-0221\%2F15\%2F10\%2Fp10017},
  
	year = 2020,
	month = {oct},
  
	publisher = {{IOP} Publishing},
  
	volume = {15},
  
	number = {10},
  
	pages = {P10017--P10017},
  
	author = {A.M. Sirunyan et al},
  
	title = {Performance of the {CMS} Level-1 trigger in proton-proton collisions at $\sqrt{s} = $ 13 TeV,
  
	journal = {Journal of Instrumentation}
}

@techreport{PhaseI_Pixel,
      author        = "The Tracker Group of the CMS Collaboration",
      title         = "{The CMS Phase-1 Pixel Detector Upgrade}",
      institution   = "CERN",
      collaboration = "CMS Collaboration",
      address       = "Geneva",
      reportNumber  = "CMS-NOTE-2020-005, CERN-CMS-NOTE-2020-005",
      month         = "Mar",
      year          = "2020",
      url           = "https://cds.cern.ch/record/2745805",
}

@techreport{CMS-DP-2018-058,
      title         = "{Performance of the DeepJet b tagging algorithm using
                       41.9/fb of data from proton-proton collisions at 13TeV with
                       Phase 1 CMS detector}",
      number        = "CMS-DP-2018-058",
      collaboration = "CMS",
      month         = "Nov",
      year          = "2018",
      url           = "https://cds.cern.ch/record/2646773",
}
@article{Bols:2020bkb,
    author = "Bols, Emil and Kieseler, Jan and Verzetti, Mauro and Stoye, Markus and Stakia, Anna",
    title = "{Jet Flavour Classification Using DeepJet}",
    eprint = "2008.10519",
    archivePrefix = "arXiv",
    primaryClass = "hep-ex",
    doi = "10.1088/1748-0221/15/12/P12012",
    journal = "JINST",
    volume = "15",
    number = "12",
    pages = "P12012",
    year = "2020"
}
@article{Apollinari:2015bam,
      author         = "Apollinari, G and Bejar Alonso, I and Bruning, O and
                        Lamont, M and Rossi, L",
      title          = "{High-Luminosity Large Hadron Collider (HL-LHC) :
                        Preliminary Design Report}",
      doi            = "10.5170/CERN-2015-005",
      year           = "2015",
      reportNumber   = "CERN-2015-005, FERMILAB-DESIGN-2015-02",
      SLACcitation   = "%%CITATION = CERN-2015-005;%%"
}

@article{Chatrchyan:2008aa,
      author         = "Chatrchyan, S. and others",
      title          = "{The CMS Experiment at the CERN LHC}",
      collaboration  = "CMS",
      journal        = "JINST",
      volume         = "3",
      year           = "2008",
      pages          = "S08004",
      doi            = "10.1088/1748-0221/3/08/S08004",
      SLACcitation   = "%%CITATION = JINST,3,S08004;%%"
}

@article{Petyt_2012,
	doi = {10.1088/1742-6596/404/1/012043},
	url = {https://doi.org/10.1088/1742-6596/404/1/012043},
	year = 2012,
	month = {dec},
	publisher = {{IOP} Publishing},
	volume = {404},
	pages = {012043},
	author = {D A Petyt and},
	title = {Mitigation of Anomalous {APD} signals in the {CMS} Electromagnetic Calorimeter},
	journal = {Journal of Physics: Conference Series},
	abstract = {Anomalous large signals are observed in the CMS Electromagnetic Calorimeter during proton-proton collisions at the Large Hadron Collider. They are ascribed to direct energy deposition by particles in the Avalanche Photodiodes (APDs) used for the light readout. Laboratory and test beam studies, as well as Monte Carlo simulations, have been used to understand their origin. The methods that have been employed to reject these signals in the online trigger of CMS and in the reconstruction of physics data are also presented.}
}

@techreport{CMSCollaboration:2015zni,
      collaboration = "CMS",
      title          = "{Technical Proposal for the Phase-II Upgrade of the CMS
                        Detector}",
      number        = "CERN-LHCC-2015-010. LHCC-P-008. CMS-TDR-15-02",
      year           = "2015",
      reportNumber   = "CERN-LHCC-2015-010",
      url           = "https://cds.cern.ch/record/2020886",
      TYPE        = "CMS Technical Proposal"
}

@techreport{Klein:2017nke,
       collaboration = "CMS",
       author        = "Collaboration, CMS",
       title         = "{The Phase-2 Upgrade of the CMS Tracker}",
       number        = "CERN-LHCC-2017-009. CMS-TDR-014",
       year          = "2017",
       reportNumber  = "CERN-LHCC-2017-009",
       url           = "https://cds.cern.ch/record/2272264",
       TYPE        = "CMS Technical Design Report"
}

@techreport{Collaboration:2283187,
       collaboration = "CMS",
       author        = "Collaboration, CMS",
       title         = "{The Phase-2 Upgrade of the CMS Barrel Calorimeters
                        Technical Design Report}",
       number        = "CERN-LHCC-2017-011. CMS-TDR-015",
       year          = "2017",
       reportNumber  = "CERN-LHCC-2017-011",
       url           = "https://cds.cern.ch/record/2283187",
       TYPE        = "CMS Technical Design Report"
}

@techreport{Collaboration:2293646,
      collaboration = "CMS",
      author        = "Collaboration, CMS",
      title         = "{The Phase-2 Upgrade of the CMS Endcap Calorimeter}",
      number        = "CERN-LHCC-2017-023. CMS-TDR-019",
      year          = "2017",
      reportNumber  = "CERN-LHCC-2017-023",
      url           = "https://cds.cern.ch/record/2293646",
       TYPE        = "CMS Technical Design Report"
}

@techreport{Collaboration:2283189,
       collaboration = "CMS",
       author        = "Collaboration, CMS",
       title         = "{The Phase-2 Upgrade of the CMS Muon Detectors}",
       number        = "CERN-LHCC-2017-012. CMS-TDR-016",
       year          = "2017",
       reportNumber  = "CERN-LHCC-2017-012",
       url           = "https://cds.cern.ch/record/2283189",
       TYPE        = "CMS Technical Design Report"
}

@techreport{Collaboration:2650976,
      author        = "{CMS Collaboration}",
      title         = "{Expected performance of the physics objects with the
                       upgraded CMS detector at the HL-LHC}",
      collaboration = "CMS",
      number        = "CMS-NOTE-2018-006. CERN-CMS-NOTE-2018-006",
      year          = "2018",
      reportNumber  = "CMS-NOTE-2018-006",
      url           = "https://cds.cern.ch/record/2650976",
}

@article{deFavereau:2013fsa,
      author         = "de Favereau, J. and Delaere, C. and Demin, P. and
                        Giammanco, A. and Lemaitre, V. and Mertens, A. and
                        Selvaggi, M.",
      title          = "{DELPHES 3, A modular framework for fast simulation of a
                        generic collider experiment}",
      collaboration  = "DELPHES 3",
      journal        = "JHEP",
      volume         = "02",
      year           = "2014",
      pages          = "057",
      doi            = "10.1007/JHEP02(2014)057",
      eprint         = "1307.6346",
      archivePrefix  = "arXiv",
      primaryClass   = "hep-ex",
      SLACcitation   = "%%CITATION = ARXIV:1307.6346;%%"
}

@article{Agostinelli:2002hh,
      author         = "Agostinelli, S. and others",
      title          = "{GEANT4: A Simulation toolkit}",
      collaboration  = "GEANT4",
      journal        = "Nucl. Instrum. Meth.",
      volume         = "A 506",
      year           = "2003",
      pages          = "250",
      doi            = "10.1016/S0168-9002(03)01368-8",
      reportNumber   = "SLAC-PUB-9350, FERMILAB-PUB-03-339",
      SLACcitation   = "%%CITATION = NUIMA,A506,250;%%"
}

@article{Allison:2006ve,
      author         = "Allison, John and others",
      title          = "{Geant4 developments and applications}",
      journal        = "IEEE Trans. Nucl. Sci.",
      volume         = "53",
      year           = "2006",
      pages          = "270",
      doi            = "10.1109/TNS.2006.869826",
      reportNumber   = "SLAC-PUB-11870",
      SLACcitation   = "%%CITATION = IETNA,53,270;%%"
}

@article{Cacciari:2011ma,
      author         = "Cacciari, Matteo and Salam, Gavin P. and Soyez, Gregory",
      title          = "{FastJet user manual}",
      journal        = "Eur. Phys. J. C",
      volume         = "72",
      pages          = "1896",
      doi            = "10.1140/epjc/s10052-012-1896-2",
      year           = "2012",
      eprint         = "1111.6097",
      archivePrefix  = "arXiv",
      primaryClass   = "hep-ph",
      reportNumber   = "CERN-PH-TH-2011-297",
      SLACcitation   = "%%CITATION = ARXIV:1111.6097;%%",
}
@techreport{CMS:2667167,
      author        = "CMS, Collaboration",
      title         = "{A MIP Timing Detector for the CMS Phase-2 Upgrade}",
      collaboration  = "CMS",
      institution   = "CERN",
      address       = "Geneva",
      reportNumber  = "CERN-LHCC-2019-003, CMS-TDR-020",
      month         = "Mar",
      year          = "2019",
      url           = "https://cds.cern.ch/record/2667167",
}
@techreport{CERN-LHCC-2020-004,
      title         = "{The Phase-2 Upgrade of the CMS Level-1 Trigger}",
      institution   = "CERN",
      collaboration = "CMS",
      address       = "Geneva",
      reportNumber  = "CERN-LHCC-2020-004, CMS-TDR-021",
      month         = "Apr",
      year          = "2020",
      url           = "https://cds.cern.ch/record/2714892",
      note          = "Final version",
}
@techreport{Collaboration:2759072,
      author        = "Collaboration, CMS",
      collaboration  = "CMS",
      title         = "{The Phase-2 Upgrade of the CMS Data Acquisition and High
                       Level Trigger}",
      institution   = "CERN",
      address       = "Geneva",
      reportNumber  = "CERN-LHCC-2021-007, CMS-TDR-022",
      month         = "Mar",
      year          = "2021",
      url           = "https://cds.cern.ch/record/2759072",
      note          = "This is a temporary submission, just to get the LHCC
                       reference number, to be used in this and other CMS
                       documents.",
}

@article{Bertolini:2014bba,
      author         = "Bertolini, Daniele and Harris, Philip and Low, Matthew
                        and Tran, Nhan",
      title          = "{Pileup Per Particle Identification}",
      journal        = "JHEP",
      volume         = "10",
      year           = "2014",
      pages          = "059",
      doi            = "10.1007/JHEP10(2014)059",
      eprint         = "1407.6013",
      archivePrefix  = "arXiv",
      primaryClass   = "hep-ph",
      reportNumber   = "FERMILAB-PUB-14-238-PPD, EFI-14-18, MIT-CTP-4558",
      SLACcitation   = "%%CITATION = ARXIV:1407.6013;%%"
}
@Article{Cacciari:2008gp,
     AUTHOR    = "Cacciari, Matteo and Salam, Gavin P. and Soyez, Gregory",
     TITLE     = "{The anti-$k_t$ jet clustering algorithm}",
     JOURNAL   = "JHEP",
     VOLUME    = "04",
     YEAR      = "2008",
     PAGES     = "063",
     doi       = "10.1088/1126-6708/2008/04/063",
     eprint         = "0802.1189",
     archivePrefix  = "arXiv",
     primaryClass   = "hep-ex",
}

@article{Aad:2012tfa,
    author = "Aad, Georges and others",
    collaboration = "ATLAS",
    title = "{Observation of a new particle in the search for the Standard Model Higgs boson with the ATLAS detector at the LHC}",
    eprint = "1207.7214",
    archivePrefix = "arXiv",
    primaryClass = "hep-ex",
    reportNumber = "CERN-PH-EP-2012-218",
    doi = "10.1016/j.physletb.2012.08.020",
    journal = "Phys. Lett. B",
    volume = "716",
    pages = "1",
    year = "2012"
}
@article{Chatrchyan:2012ufa,
    author = "Chatrchyan, Serguei and others",
    collaboration = "CMS",
    title = "{Observation of a New Boson at a Mass of 125 GeV with the CMS Experiment at the LHC}",
    eprint = "1207.7235",
    archivePrefix = "arXiv",
    primaryClass = "hep-ex",
    reportNumber = "CMS-HIG-12-028, CERN-PH-EP-2012-220",
    doi = "10.1016/j.physletb.2012.08.021",
    journal = "Phys. Lett. B",
    volume = "716",
    pages = "30",
    year = "2012"
}
@article{Chatrchyan:2013lba,
    author = "Chatrchyan, Serguei and others",
    collaboration = "CMS",
    title = "{Observation of a New Boson with Mass Near 125 GeV in $pp$ Collisions at $\sqrt{s}$ = 7 and 8 TeV}",
    eprint = "1303.4571",
    archivePrefix = "arXiv",
    primaryClass = "hep-ex",
    reportNumber = "CMS-HIG-12-036, CERN-PH-EP-2013-035",
    doi = "10.1007/JHEP06(2013)081",
    journal = "JHEP",
    volume = "06",
    pages = "081",
    year = "2013"
}
@article{Mangano:2019kji,
    author = "Mangano, Michelangelo",
    title = "{TASI Lectures on Future Colliders}",
    eprint = "1905.07489",
    archivePrefix = "arXiv",
    primaryClass = "hep-ph",
    reportNumber = "CERN-TH-2019-073",
    journal = "PoS",
    volume = "TASI2018",
    pages = "008",
    year = "2019"
}

@article{deFlorian:2016spz,
      author         = "de Florian, D. and others",
      title          = "{Handbook of LHC Higgs Cross Sections: 4. Deciphering the
                        Nature of the Higgs Sector}",
      collaboration  = "LHC Higgs Cross Section Working Group",
      doi            = "10.23731/CYRM-2017-002",
      year           = "2016",
      eprint         = "1610.07922",
      archivePrefix  = "arXiv",
      primaryClass   = "hep-ph",
      reportNumber   = "FERMILAB-FN-1025-T, CERN-2017-002-M",
      SLACcitation   = "%%CITATION = ARXIV:1610.07922;%%"
}

@article{Nakamura:2017irk,
      author         = "Nakamura, Koji and Nishiwaki, Kenji and Oda, Kin-ya and
                        Park, Seong Chan and Yamamoto, Yasuhiro",
      title          = "{Di-higgs enhancement by neutral scalar as probe of new
                        colored sector}",
      journal        = "Eur. Phys. J.",
      volume         = "C77",
      year           = "2017",
      number         = "5",
      pages          = "273",
      doi            = "10.1140/epjc/s10052-017-4835-4",
      eprint         = "1701.06137",
      archivePrefix  = "arXiv",
      primaryClass   = "hep-ph",
      reportNumber   = "KIAS-P17006, OU-HET-923",
      SLACcitation   = "%%CITATION = ARXIV:1701.06137;%%"
}

@article{Englert:2019eyl,
      author         = "Englert, Christoph and Jaeckel, Joerg",
      title          = "{Probing the Symmetric Higgs Portal with Di-Higgs
                        Production}",
      year           = "2019",
      eprint         = "1908.10615",
      archivePrefix  = "arXiv",
      primaryClass   = "hep-ph",
      SLACcitation   = "%%CITATION = ARXIV:1908.10615;%%"
}

@article{Robens:2019kga,
      author         = "Robens, Tania and Stefaniak, Tim and Wittbrodt, Jonas",
      title          = "{Two-real-scalar-singlet extension of the SM: LHC
                        phenomenology and benchmark scenarios}",
      year           = "2019",
      eprint         = "1908.08554",
      archivePrefix  = "arXiv",
      primaryClass   = "hep-ph",
      reportNumber   = "DESY-19-142",
      SLACcitation   = "%%CITATION = ARXIV:1908.08554;%%"
}

@article{Tang:2012pv,
      author         = "Tang, Yong",
      title          = "{Implications of LHC Searches for Massive Graviton}",
      journal        = "JHEP",
      volume         = "08",
      year           = "2012",
      pages          = "078",
      doi            = "10.1007/JHEP08(2012)078",
      eprint         = "1206.6949",
      archivePrefix  = "arXiv",
      primaryClass   = "hep-ph",
      SLACcitation   = "%%CITATION = ARXIV:1206.6949;%%"
}
%%%%%%%%%%%%%%%%%%%%%%%%%%%%%% Introduction END %%%%%%%%%%%%%%%%

%%%%%%%%%%%%%%%%%%%%%%%%%%%%%% Common Hgg PAPER/PAS/AN%%%%%%%%%%%%%%%%
@ARTICLE{AN-19-149,
  AUTHOR       = "{Higgs to Gamma Gamma Working Group}",
  TITLE        = "{Common tools for analyses of Higgs boson decay in the diphoton final state}",
  JOURNAL      = "CMS Analysis Note AN-2019-149",
  URL          = {http://cms.cern.ch/iCMS/jsp/db_notes/noteInfo.jsp?cmsnoteid=CMS\%20AN-2019/149},
  VOLUME       = "2019/149",
  YEAR         = "2019"
}

@article{Sirunyan:2018ouh,
      author         = "Sirunyan, A. M. and others",
      title          = "{Measurements of Higgs boson properties in the diphoton
                        decay channel in proton-proton collisions at $\sqrt{s} =$
                        13 TeV}",
      collaboration  = "CMS",
      journal        = "JHEP",
      volume         = "11",
      year           = "2018",
      pages          = "185",
      doi            = "10.1007/JHEP11(2018)185",
      eprint         = "1804.02716",
      archivePrefix  = "arXiv",
      primaryClass   = "hep-ex",
      reportNumber   = "CMS-HIG-16-040, CERN-EP-2018-060",
      SLACcitation   = "%%CITATION = ARXIV:1804.02716;%%"
}

@article{DBLP:journals/corr/abs-1211-6581,
  author    = {Eleftherios Spyromitros-Xioufis and
               William Groves and
               Grigorios Tsoumakas and
               Ioannis Vlahavas},
  title     = "Multi-target regression via input space expansion: treating targets as inputs",
  journal   = {Mach Learn},
  volume    = {104},
  year      = {2016},
  doi       = "10.1007/s10994-016-5546-z",
  archivePrefix = {arXiv},
  eprint    = "1211.6581",
  timestamp = {Mon, 13 Aug 2018 16:47:39 +0200},
  biburl    = {https://dblp.org/rec/bib/journals/corr/abs-1211-6581},
  bibsource = {dblp computer science bibliography, https://dblp.org}
}
%%%%%%%%%%%%%%%%%%%%%%%%%%%%%% Common Hgg PAPER/PAS/AN END%%%%%%%%%%%%

%%%%%%%%%%%%%%%%%%%%%%%%%%%%%% MC SAMPLES START %%%%%%%%%%%%%%%%%%%%%%%%%%%%%%
@article{Alwall:2014hca,
    author = "Alwall, J. and Frederix, R. and Frixione, S. and Hirschi, V. and Maltoni, F. and Mattelaer, O. and Shao, H. -S. and Stelzer, T. and Torrielli, P. and Zaro, M.",
    title = "{The automated computation of tree-level and next-to-leading order differential cross sections, and their matching to parton shower simulations}",
    eprint = "1405.0301",
    archivePrefix = "arXiv",
    primaryClass = "hep-ph",
    reportNumber = "CERN-PH-TH-2014-064, CP3-14-18, LPN14-066, MCNET-14-09, ZU-TH-14-14",
    doi = "10.1007/JHEP07(2014)079",
    journal = "JHEP",
    volume = "07",
    pages = "079",
    year = "2014"
}

@article{Nason:2004rx,
    author = "Nason, Paolo",
    title = "{A New method for combining NLO QCD with shower Monte Carlo algorithms}",
    eprint = "hep-ph/0409146",
    archivePrefix = "arXiv",
    reportNumber = "BICOCCA-FT-04-11",
    doi = "10.1088/1126-6708/2004/11/040",
    journal = "JHEP",
    volume = "11",
    pages = "040",
    year = "2004"
}

@article{Frixione:2007vw,
    author = "Frixione, Stefano and Nason, Paolo and Oleari, Carlo",
    title = "{Matching NLO QCD computations with Parton Shower simulations: the POWHEG method}",
    eprint = "0709.2092",
    archivePrefix = "arXiv",
    primaryClass = "hep-ph",
    reportNumber = "BICOCCA-FT-07-9, GEF-TH-21-2007",
    doi = "10.1088/1126-6708/2007/11/070",
    journal = "JHEP",
    volume = "11",
    pages = "070",
    year = "2007"
}

@article{Alioli:2010xd,
    author = "Alioli, Simone and Nason, Paolo and Oleari, Carlo and Re, Emanuele",
    title = "{A general framework for implementing NLO calculations in shower Monte Carlo programs: the POWHEG BOX}",
    eprint = "1002.2581",
    archivePrefix = "arXiv",
    primaryClass = "hep-ph",
    reportNumber = "DESY-10-018, SFB-CPP-10-22, IPPP-10-11, DCPT-10-22",
    doi = "10.1007/JHEP06(2010)043",
    journal = "JHEP",
    volume = "06",
    pages = "043",
    year = "2010"
}

@article{Heinrich:2019bkc,
    author = "Heinrich, G. and Jones, S. P. and Kerner, M. and Luisoni, G. and Scyboz, L.",
    title = "{Probing the trilinear Higgs boson coupling in di-Higgs production at NLO QCD including parton shower effects}",
    eprint = "1903.08137",
    archivePrefix = "arXiv",
    primaryClass = "hep-ph",
    reportNumber = "CERN-TH-2019-028, MPP-2019-50, ZU-TH-09/19",
    doi = "10.1007/JHEP06(2019)066",
    journal = "JHEP",
    volume = "06",
    pages = "066",
    year = "2019"
}

@article{Sjostrand:2014zea,
      author         = "Sjostrand, Torbjorn and Ask, Stefan and Christiansen,
                        Jesper R. and Corke, Richard and Desai, Nishita and Ilten,
                        Philip and Mrenna, Stephen and Prestel, Stefan and
                        Rasmussen, Christine O. and Skands, Peter Z.",
      title          = "{An Introduction to PYTHIA 8.2}",
      journal        = "Comput. Phys. Commun.",
      volume         = "191",
      year           = "2015",
      pages          = "159",
      doi            = "10.1016/j.cpc.2015.01.024",
      eprint         = "1410.3012",
      archivePrefix  = "arXiv",
      primaryClass   = "hep-ph",
      reportNumber   = "LU-TP-14-36, MCNET-14-22, CERN-PH-TH-2014-190,
                        FERMILAB-PUB-14-316-CD, DESY-14-178, SLAC-PUB-16122",
      SLACcitation   = "%%CITATION = ARXIV:1410.3012;%%"
}

@article{Khachatryan:2015pea,
      author         = "Khachatryan, Vardan and others",
      title          = "{Event generator tunes obtained from underlying event and
                        multiparton scattering measurements}",
      collaboration  = "CMS",
      journal        = "Eur. Phys. J.",
      volume         = "C76",
      year           = "2016",
      number         = "3",
      pages          = "155",
      doi            = "10.1140/epjc/s10052-016-3988-x",
      eprint         = "1512.00815",
      archivePrefix  = "arXiv",
      primaryClass   = "hep-ex",
      reportNumber   = "CMS-GEN-14-001, CERN-PH-EP-2015-291",
      SLACcitation   = "%%CITATION = ARXIV:1512.00815;%%"
}

@article{Sirunyan:2019dfx,
      author         = "Sirunyan, Albert M and others",
      title          = "{Extraction and validation of a new set of CMS PYTHIA8
                        tunes from underlying-event measurements}",
      collaboration  = "CMS",
      year           = "2019",
      eprint         = "1903.12179",
      archivePrefix  = "arXiv",
      primaryClass   = "hep-ex",
      reportNumber   = "CMS-GEN-17-001, CERN-EP-2019-007",
      SLACcitation   = "%%CITATION = ARXIV:1903.12179;%%"
}
%%%%%%%%%%%%%%%%%%%%%%%%%%%%%% MC SAMPLES END %%%%%%%%%%%%%%%%%%%%%%%%%%%%%%
%%%%%%%%%%%%%%%%%%%%%%%%%%%%%% START: Even Selection/Reconstruction %%%%%%%%%%%%%%%%%%%%%%%%%%%%%%

@article{Sirunyan:2017ulk,
    author = "Sirunyan, A. M. and others",
    collaboration = "CMS",
    title = "{Particle-flow reconstruction and global event description with the CMS detector}",
    eprint = "1706.04965",
    archivePrefix = "arXiv",
    primaryClass = "physics.ins-det",
    reportNumber = "CMS-PRF-14-001, CERN-EP-2017-110",
    doi = "10.1088/1748-0221/12/10/P10003",
    journal = "JINST",
    volume = "12",
    number = "10",
    pages = "P10003",
    year = "2017"
}

@article{Khachatryan:2014ira,
    author = "Khachatryan, Vardan and others",
    collaboration = "CMS",
    title = "{Observation of the Diphoton Decay of the Higgs Boson and Measurement of Its Properties}",
    eprint = "1407.0558",
    archivePrefix = "arXiv",
    primaryClass = "hep-ex",
    reportNumber = "CMS-HIG-13-001, CERN-PH-EP-2014-117",
    doi = "10.1140/epjc/s10052-014-3076-z",
    journal = "Eur. Phys. J. C",
    volume = "74",
    number = "10",
    pages = "3076",
    year = "2014"
}

@article{Chatrchyan:2014fea,
    author = "Chatrchyan, Serguei and others",
    collaboration = "CMS",
    title = "{Description and performance of track and primary-vertex reconstruction with the CMS tracker}",
    eprint = "1405.6569",
    archivePrefix = "arXiv",
    primaryClass = "physics.ins-det",
    reportNumber = "CMS-TRK-11-001, CERN-PH-EP-2014-070",
    doi = "10.1088/1748-0221/9/10/P10009",
    journal = "JINST",
    volume = "9",
    number = "10",
    pages = "P10009",
    year = "2014"
}
%%%%%%%%%%%%%%%%%%%%%%%%%%%%%% END: Even Selection/Reconstruction %%%%%%%%%%%%%%%%%%%%%%%%%%%%%%

%%%%%%%%%%%%%%%%%%%%%%%%%%%%%% EFT START %%%%%%%%%%%%%%%%%%%%%%%%%%%%%%
@article{Carvalho:2016rys,
    author = "Carvalho, Alexandra and Dall'Osso, Martino and De Castro Manzano, Pablo and Dorigo, Tommaso and Goertz, Florian and Gouzevich, Maxime and Tosi, Mia",
    title = "{Analytical parametrization and shape classification of anomalous HH production in the EFT approach}",
    eprint = "1608.06578",
    archivePrefix = "arXiv",
    primaryClass = "hep-ph",
    reportNumber = "LHCHXSWG-2016-001",
    month = "7",
    year = "2016"
}

@article{Carvalho:2015ttv,
    author = "Carvalho, Alexandra and Dall'Osso, Martino and Dorigo, Tommaso and Goertz, Florian and Gottardo, Carlo A. and Tosi, Mia",
    title = "{Higgs Pair Production: Choosing Benchmarks With Cluster Analysis}",
    eprint = "1507.02245",
    archivePrefix = "arXiv",
    primaryClass = "hep-ph",
    doi = "10.1007/JHEP04(2016)126",
    journal = "JHEP",
    volume = "04",
    pages = "126",
    year = "2016"
}

@article{Carvalho:2017vnu,
    author = "Carvalho, Alexandra and Goertz, Florian and Mimasu, Ken and Gouzevitch, Maxime and Aggarwal, Anamika",
    title = "{On the reinterpretation of non-resonant searches for Higgs boson pairs}",
    eprint = "1710.08261",
    archivePrefix = "arXiv",
    primaryClass = "hep-ph",
    month = "10",
    year = "2017"
}

@article{Buchalla:2018yce,
    author = "Buchalla, G. and Capozi, M. and Celis, A. and Heinrich, G. and Scyboz, L.",
    title = "{Higgs boson pair production in non-linear Effective Field Theory with full $m_t$-dependence at NLO QCD}",
    eprint = "1806.05162",
    archivePrefix = "arXiv",
    primaryClass = "hep-ph",
    reportNumber = "LMU-ASC 34/18, MPP-2018-127, LMU-ASC-34-18",
    doi = "10.1007/JHEP09(2018)057",
    journal = "JHEP",
    volume = "09",
    pages = "057",
    year = "2018"
}

@article{Heinrich:2020ckp,
    author = "Heinrich, Gudrun and Jones, Stephen P. and Kerner, Matthias and Scyboz, Ludovic",
    title = "{A non-linear EFT description of $gg\to HH$ at NLO interfaced to POWHEG}",
    eprint = "2006.16877",
    archivePrefix = "arXiv",
    primaryClass = "hep-ph",
    reportNumber = "CERN-TH-2020-106, KA-TP-04-2020, OUTP-20-06P, P3H-20-026,
  ZU-TH-21/20, P3H-20-026, ZU-TH-21/20",
    doi = "10.1007/JHEP10(2020)021",
    journal = "JHEP",
    volume = "10",
    pages = "021",
    year = "2020"
}
@article{Capozi:2019xsi,
    author = "Capozi, Matteo and Heinrich, Gudrun",
    title = "{Exploring anomalous couplings in Higgs boson pair production through shape analysis}",
    eprint = "1908.08923",
    archivePrefix = "arXiv",
    primaryClass = "hep-ph",
    reportNumber = "MPP-2019-183",
    doi = "10.1007/JHEP03(2020)091",
    journal = "JHEP",
    volume = "03",
    pages = "091",
    year = "2020"
}

@article{AGOSTINELLI2003250,
title = {Geant4\-a simulation toolkit},
journal = {Nuclear Instruments and Methods in Physics Research Section A: Accelerators, Spectrometers, Detectors and Associated Equipment},
volume = {506},
number = {3},
pages = {250-303},
year = {2003},
issn = {0168-9002},
doi = {https://doi.org/10.1016/S0168-9002(03)01368-8},
url = {https://www.sciencedirect.com/science/article/pii/S0168900203013688},
author = {S. Agostinelli et al.},
keywords = {Simulation, Particle interactions, Geometrical modelling, Software engineering, Object-oriented technology, Distributed software development},
abstract = {Geant4 is a toolkit for simulating the passage of particles through matter. It includes a complete range of functionality including tracking, geometry, physics models and hits. The physics processes offered cover a comprehensive range, including electromagnetic, hadronic and optical processes, a large set of long-lived particles, materials and elements, over a wide energy range starting, in some cases, from 250eV and extending in others to the TeV energy range. It has been designed and constructed to expose the physics models utilised, to handle complex geometries, and to enable its easy adaptation for optimal use in different sets of applications. The toolkit is the result of a worldwide collaboration of physicists and software engineers. It has been created exploiting software engineering and object-oriented technology and implemented in the C++ programming language. It has been used in applications in particle physics, nuclear physics, accelerator design, space engineering and medical physics.}
}

@article{CMS:ttH,
  title = {Measurements of $t\overline{t}H$ Production and the $CP$ Structure of the Yukawa Interaction between the Higgs Boson and Top Quark in the Diphoton Decay Channel},
  author = {Sirunyan, A. M. et al.},
  collaboration = {CMS Collaboration},
  journal = {Phys. Rev. Lett.},
  volume = {125},
  issue = {6},
  pages = {061801},
  numpages = {18},
  year = {2020},
  month = {Aug},
  publisher = {American Physical Society},
  doi = {10.1103/PhysRevLett.125.061801},
  url = {https://link.aps.org/doi/10.1103/PhysRevLett.125.061801}
}


@article{Artoisenet:2012st,
      author         = "Artoisenet, Pierre and Frederix, Rikkert and Mattelaer,
                        Olivier and Rietkerk, Robbert",
      title          = "Automatic spin-entangled decays of heavy resonances in
                        {Monte Carlo} simulations",
      journal        = "JHEP",
      volume         = "03",
      year           = "2013",
      pages          = "015",
      doi            = "10.1007/JHEP03(2013)015",
      eprint         = "1212.3460",
      archivePrefix  = "arXiv",
      primaryClass   = "hep-ph",
}

@article{Frederix:2012ps,
    author = "Frederix, Rikkert and Frixione, Stefano",
    title = "{Merging meets matching in MC@NLO}",
    eprint = "1209.6215",
    archivePrefix = "arXiv",
    primaryClass = "hep-ph",
    reportNumber = "CERN-PH-TH-2012-247, ZU-TH-21-12",
    doi = "10.1007/JHEP12(2012)061",
    journal = "JHEP",
    volume = "12",
    pages = "061",
    year = "2012"
}

@article{Bothmann:2019yzt,
    author = "Bothmann, Enrico and others",
    collaboration = "Sherpa",
    title = "{Event Generation with Sherpa 2.2}",
    eprint = "1905.09127",
    archivePrefix = "arXiv",
    primaryClass = "hep-ph",
    reportNumber = "FERMILAB-PUB-19-218-T, SLAC-PUB-17433, IPPP/19/42, MCNET-19-11",
    doi = "10.21468/SciPostPhys.7.3.034",
    journal = "SciPost Phys.",
    volume = "7",
    number = "3",
    pages = "034",
    year = "2019"
}


@misc{hhmg,
       howpublished = {\url{https://cp3.irmp.ucl.ac.be/projects/madgraph/wiki/HiggsPairProduction}},
}

@misc{reweighting_results_1,
       howpublished = {\url{https://indico.cern.ch/event/996682/contributions/4232107/}},
}

@misc{reweighting_results_2,
       howpublished = {\url{https://indico.cern.ch/event/996681/contributions/4212133/}},
}

@misc{reweighting_implementation,
       howpublished = {\url{https://github.com/pmandrik/VSEVA/blob/master/HHWWgg/reweight/reweight_HH.C}},
}
%%%%%%%%%%%%%%%%%%%%%%%%%%%%%% EFT END %%%%%%%%%%%%%%%%%%%%%%%%%%%%%%

%%%%%%%%%%%%%%%%%%%%%%%%%%%%%% BDT START %%%%%%%%%%%%%%%%%%%%%%%%%%%%%%
@article{TMVA2007,
      author         = "Hocker, Andreas and others",
      title          = "{TMVA - Toolkit for Multivariate Data Analysis}",
      booktitle      = "{Proceedings, 11th International Workshop on Advanced
                        computing and analysis techniques in physics research
                        (ACAT 2007): Amsterdam, Netherlands, April 23-27, 2007}",
      journal        = "PoS",
      volume         = "ACAT",
      year           = "2007",
      pages          = "040",
      eprint         = "physics/0703039",
      archivePrefix  = "arXiv",
      primaryClass   = "PHYSICS",
      reportNumber   = "CERN-OPEN-2007-007",
      SLACcitation   = "%%CITATION = PHYSICS/0703039;%%"
}
%%%%%%%%%%%%%%%%%%%%%%%%%%%%%% BDT END %%%%%%%%%%%%%%%%%%%%%%%%%%%%%%

%%%%%%%%%%%%%%%%%%%%%%%%%%%%%% SYSTEMATICS UNCERTANTIES START %%%%%%%%%%%%%%%%%%%%%%%%%%%%%%
@misc{SysLuminosity,
      howpublished = {\url{https://twiki.cern.ch/twiki/bin/viewauth/CMS/TWikiLUM}},
}

@misc{TriggerPrefire,
      howpublished = {\url{https://twiki.cern.ch/twiki/bin/viewauth/CMS/L1ECALPrefiringWeightRecipe}},
}

@article{Sirunyan:2018fpa,
      author         = "Sirunyan, A. M. and others",
      title          = "{Performance of the CMS muon detector and muon
                        reconstruction with proton-proton collisions at
                        $\sqrt{s}=$ 13 TeV}",
      collaboration  = "CMS",
      journal        = "JINST",
      volume         = "13",
      year           = "2018",
      pages          = "P06015",
      doi            = "10.1088/1748-0221/13/06/P06015",
      eprint         = "1804.04528",
      archivePrefix  = "arXiv",
      primaryClass   = "physics.ins-det",
      reportNumber   = "CMS-MUO-16-001, CERN-EP-2018-058",
      SLACcitation   = "%%CITATION = ARXIV:1804.04528;%%"
}

@article{Khachatryan:2015hwa,
    author = "Khachatryan, Vardan and others",
    collaboration = "CMS",
    title = "{Performance of Electron Reconstruction and Selection with the CMS Detector in Proton-Proton Collisions at \ensuremath{\sqrt{}}s = 8  TeV}",
    eprint = "1502.02701",
    archivePrefix = "arXiv",
    primaryClass = "physics.ins-det",
    reportNumber = "CMS-EGM-13-001, CERN-PH-EP-2015-004",
    doi = "10.1088/1748-0221/10/06/P06005",
    journal = "JINST",
    volume = "10",
    number = "06",
    pages = "P06005",
    year = "2015"
}

@misc{SysElectronEnergyResolution,
      howpublished = {\url{https://twiki.cern.ch/twiki/bin/viewauth/CMS/EgammaMiniAODV2#Energy_Scale_and_Smearing}},
}



@article{Khachatryan:2016kdb,
    author = "Khachatryan, Vardan and others",
    collaboration = "CMS",
    title = "{Jet energy scale and resolution in the CMS experiment in pp collisions at 8 TeV}",
    eprint = "1607.03663",
    archivePrefix = "arXiv",
    primaryClass = "hep-ex",
    reportNumber = "CMS-JME-13-004, CERN-PH-EP-2015-305",
    doi = "10.1088/1748-0221/12/02/P02014",
    journal = "JINST",
    volume = "12",
    number = "02",
    pages = "P02014",
    year = "2017"
}

@misc{SysJetEnergyResolution,
      howpublished = {\url{https://twiki.cern.ch/twiki/bin/view/CMS/JECUncertaintySources#Run_2_reduced_set_of_uncertainty}},
}

@article{Sirunyan:2017ezt,
    author = "Sirunyan, A.M. and others",
    collaboration = "CMS",
    title = "{Identification of heavy-flavour jets with the CMS detector in pp collisions at 13 TeV}",
    eprint = "1712.07158",
    archivePrefix = "arXiv",
    primaryClass = "physics.ins-det",
    reportNumber = "CMS-BTV-16-002, CERN-EP-2017-326",
    doi = "10.1088/1748-0221/13/05/P05011",
    journal = "JINST",
    volume = "13",
    number = "05",
    pages = "P05011",
    year = "2018"
}

@misc{BtaginMethods,
      howpublished = {\url{https://twiki.cern.ch/twiki/bin/view/CMS/BTagSFMethods#1a_Event_reweighting_using_scale}},
}

@article{Butterworth:2015oua,
    author = "Butterworth, Jon and others",
    title = "{PDF4LHC recommendations for LHC Run II}",
    eprint = "1510.03865",
    archivePrefix = "arXiv",
    primaryClass = "hep-ph",
    reportNumber = "OUTP-15-17P, SMU-HEP-15-12, TIF-UNIMI-2015-14, LCTS-2015-27, CERN-PH-TH-2015-249",
    doi = "10.1088/0954-3899/43/2/023001",
    journal = "J. Phys. G",
    volume = "43",
    pages = "023001",
    year = "2016"
}

@article{Ball:2014uwa,
    author = "Ball, Richard D. and others",
    collaboration = "NNPDF",
    title = "{Parton distributions for the LHC Run II}",
    eprint = "1410.8849",
    archivePrefix = "arXiv",
    primaryClass = "hep-ph",
    reportNumber = "EDINBURGH-2014-15, IFUM-1034-FT, CERN-PH-TH-2013-253, OUTP-14-11P, CAVENDISH-HEP-14-11",
    doi = "10.1007/JHEP04(2015)040",
    journal = "JHEP",
    volume = "04",
    pages = "040",
    year = "2015"
}

@article{Grazzini:2018bsd,
    author = "Grazzini, Massimiliano and Heinrich, Gudrun and Jones, Stephen and Kallweit, Stefan and Kerner, Matthias and Lindert, Jonas M. and Mazzitelli, Javier",
    title = "{Higgs boson pair production at NNLO with top quark mass effects}",
    eprint = "1803.02463",
    archivePrefix = "arXiv",
    primaryClass = "hep-ph",
    reportNumber = "CERN-TH-2018-044, IPPP/18/15, MPP-2018-30, ZU-TH 10/18, IPPP-18-15, ZU-TH-10-18",
    doi = "10.1007/JHEP05(2018)059",
    journal = "JHEP",
    volume = "05",
    pages = "059",
    year = "2018"
}
@ARTICLE{AN-16-171,
   AUTHOR       = "{Higgs to W W Working Group}",
   TITLE        = "{Search for high mass resonances using WW fully leptonic decays at 13 TeV}",
   JOURNAL      = "CMS Analysis Note AN-2016-171",
   URL          = {http://cms.cern.ch/iCMS/jsp/db_notes/noteInfo.jsp?cmsnoteid=CMS\%20AN-2016/171},
   VOLUME       = "2016/171",
   YEAR         = "2016"
}
@ARTICLE{AN-19-186,
   AUTHOR       = "{tt Higgs Working Group}",
   TITLE        = "{ttH ($H\rightarrow \gamma\gamma$ ) at $\sqrt{s}$ = 13 TeV with the Run II dataset}",
   JOURNAL      = "CMS Analysis Note AN-2019-186",
   URL          = {http://cms.cern.ch/iCMS/jsp/db_notes/noteInfo.jsp?cmsnoteid=CMS\%20AN-2019/186},
   VOLUME       = "2019/186",
   YEAR         = "2019"
}

@misc{ExpectedFSMSerror,
       howpublished = {\url{https://github.com/pmandrik/HH_pair/tree/master/HH_yyWW/cms_results_v0}},
}

@article{whiteson_DNN,
author = {Baldi, Pierre and Sadowski, Peter and Whiteson, Daniel},
year = {2014},
month = {07},
pages = {4308},
title = {Searching for Exotic Particles in High-Energy Physics with Deep Learning},
volume = {5},
journal = {Nature communications},
doi = {10.1038/ncomms5308}
}

@book{shapley_values,
author="Shapley, Lloyd S.",
title="A Value for n-Person Games",
address="Santa Monica, CA",
year="1952",
doi="",
publisher="RAND Corporation"
}
%%%%%%%%%%%%%%%%%%%%%%%%%%%%%% SYSTEMATICS UNCERTANTIES END %%%%%%%%%%%%%%%%%%%%%%%%%%%%%%

%%%%%%%%%%%%%%%%%%%%%%%%%%%%%% Data-Driven QCD: Start %%%%%%%%%%%%%%%%%%%%%%%%%%%%%%
@article{Sirunyan:2020sum,
    author = "Sirunyan, Albert M and others",
    collaboration = "CMS",
    title = "{Measurements of $\mathrm{t\bar{t}}H$ Production and the CP Structure of the Yukawa Interaction between the Higgs Boson and Top Quark in the Diphoton Decay Channel}",
    eprint = "2003.10866",
    archivePrefix = "arXiv",
    primaryClass = "hep-ex",
    reportNumber = "CMS-HIG-19-013, CERN-EP-2020-028",
    doi = "10.1103/PhysRevLett.125.061801",
    journal = "Phys. Rev. Lett.",
    volume = "125",
    number = "6",
    pages = "061801",
    year = "2020"
}
%%%%%%%%%%%%%%%%%%%%%%%%%%%%%% Data-Driven QCD: END %%%%%%%%%%%%%%%%%%%%%%%%%%%%%%

% @article{CMS-DP-2019-031,
%       title         = "{CMS ECAL trigger plots}",
%       collaboration = "CMS Collaboration",
%       month         = "Sep",
%       year          = "2019",
%       url           = "https://cds.cern.ch/record/2690933",
% }

@misc{CMSSW_DW,
    title = "{ECAL emulator development in CMSSW}",
    url = https://github.com/cms-sw/cmssw/pull/33349,
    year = "2021",
    howpublished = {
    \url{https://github.com/cms-sw/cmssw/pull/33349}
    },
    % note = {Available at \url{https://github.com/cms-sw/cmssw/pull/33349}}
}

% @misc{htoolURL,
%       howpublished = {\url{https://cms-analysis.github.io/HiggsAnalysis-CombinedLimit/}},
% }

@techreport{htool,
      title         = "{Procedure for the LHC Higgs boson search combination in
                       Summer 2011}",
      institution   = "CERN",
      collaboration = "The ATLAS Collaboration, The CMS Collaboration, The LHC
                       Higgs Combination Group",
      address       = "Geneva",
      reportNumber  = "CMS-NOTE-2011-005, ATL-PHYS-PUB-2011-11",
      month         = "Aug",
      year          = "2011",
      url           = "https://cds.cern.ch/record/1379837",
}

@techreport{YRSystematics,
      author        = "Dainese, Andrea and Mangano, Michelangelo and Meyer,
                       Andreas B and Nisati, Aleandro and Salam, Gavin and
                       Vesterinen, Mika Anton",
      title         = "{Report on the Physics at the HL-LHC, and Perspectives for
                       the HE-LHC}",
      address       = "Geneva, Switzerland",
      reportNumber  = "CERN-2019-007",
      year          = "2019",
      doi           = "10.23731/CYRM-2019-007",
      url           = "https://cds.cern.ch/record/2703572",

}

@misc{YRSystematicsTwiki,
       howpublished = {\url{https://twiki.cern.ch/twiki/bin/view/CMS/YR2018Systematics}},
}

@misc{run2WWgg,
      howpublished = {\url{https://cms.cern.ch/iCMS/analysisadmin/cadilines?line=HIG-21-014&tp=an&id=2459&ancode=HIG-21-014}},
}

@article{CLS1,
      author         = "Read, Alexander L.",
      title          = "Presentation of search results: The {CL$_{\text{s}}$} technique",
      journal        = "J. Phys. G",
      volume         = "28",
      year           = "2002",
      pages          = "2693",
      doi            = "10.1088/0954-3899/28/10/313",
      SLACcitation   = "%%CITATION = JPAGA,G28,2693;%%"
}

@article{CLS2,
      author         = "Junk, Thomas",
      title          = "Confidence level computation for combining searches with
                        small statistics",
      journal        = "Nucl. Instrum. Meth. A",
      volume         = "434",
      year           = "1999",
      pages          = "435",
      doi            = "10.1016/S0168-9002(99)00498-2",
      eprint         = "hep-ex/9902006",
      archivePrefix  = "arXiv",
      primaryClass   = "hep-ex",
      reportNumber   = "CARLETON-OPAL-PHYS-99-01, CERN-EP-99-041",
      SLACcitation   = "%%CITATION = HEP-EX/9902006;%%"
}

@article{Cowan:2010js,
    author = "Cowan, Glen and Cranmer, Kyle and Gross, Eilam and Vitells, Ofer",
    title = "{Asymptotic formulae for likelihood-based tests of new physics}",
    eprint = "1007.1727",
    archivePrefix = "arXiv",
    primaryClass = "physics.data-an",
    doi = "10.1140/epjc/s10052-011-1554-0",
    journal = "Eur. Phys. J. C",
    volume = "71",
    pages = "1554",
    year = "2011",
    note = "[Erratum: Eur.Phys.J.C 73, 2501 (2013)]"
}

@article{Dauncey_2015,
   title={Handling uncertainties in background shapes: the discrete profiling method},
   volume={10},
   ISSN={1748-0221},
   url={http://dx.doi.org/10.1088/1748-0221/10/04/P04015},
   DOI={10.1088/1748-0221/10/04/p04015},
   number={04},
   journal={Journal of Instrumentation},
   publisher={IOP Publishing},
   author={Dauncey, P.D. and Kenzie, M. and Wardle, N. and Davies, G.J.},
   year={2015},
   month={Apr},
   pages={P04015}
}

@techreport{Contardo:2020886,
      author        = "Contardo, D and Klute, M and Mans, J and Silvestris, L and
                       Butler, J",
      title         = "{Technical Proposal for the Phase-II Upgrade of the CMS
                       Detector}",
      address       = "Geneva",
      reportNumber  = "CERN-LHCC-2015-010, LHCC-P-008, CMS-TDR-15-02",
      month         = "Jun",
      year          = "2015",
      url           = "https://cds.cern.ch/record/2020886",
      note          = "Upgrade Project Leader Deputies: Lucia Silvestris
                       (INFN-Bari), Jeremy Mans (University of Minnesota)
                       Additional contacts: Lucia.Silvestris@cern.ch,
                       Jeremy.Mans@cern.ch",
}

@article{Aad:2012tfa,
    author = "Aad, Georges and others",
    collaboration = "ATLAS",
    title = "{Observation of a new particle in the search for the Standard Model Higgs boson with the ATLAS detector at the LHC}",
    eprint = "1207.7214",
    archivePrefix = "arXiv",
    primaryClass = "hep-ex",
    reportNumber = "CERN-PH-EP-2012-218",
    doi = "10.1016/j.physletb.2012.08.020",
    journal = "Phys. Lett. B",
    volume = "716",
    pages = "1--29",
    year = "2012"
}
@article{Chatrchyan:2012ufa,
    author = "Chatrchyan, Serguei and others",
    collaboration = "CMS",
    title = "{Observation of a New Boson at a Mass of 125 GeV with the CMS Experiment at the LHC}",
    eprint = "1207.7235",
    archivePrefix = "arXiv",
    primaryClass = "hep-ex",
    reportNumber = "CMS-HIG-12-028, CERN-PH-EP-2012-220",
    doi = "10.1016/j.physletb.2012.08.021",
    journal = "Phys. Lett. B",
    volume = "716",
    pages = "30--61",
    year = "2012"
}
@article{Chatrchyan:2013lba,
    author = "Chatrchyan, Serguei and others",
    collaboration = "CMS",
    title = "{Observation of a New Boson with Mass Near 125 GeV in $pp$ Collisions at $\sqrt{s}$ = 7 and 8 TeV}",
    eprint = "1303.4571",
    archivePrefix = "arXiv",
    primaryClass = "hep-ex",
    reportNumber = "CMS-HIG-12-036, CERN-PH-EP-2013-035",
    doi = "10.1007/JHEP06(2013)081",
    journal = "JHEP",
    volume = "06",
    pages = "081",
    year = "2013"
}
@article{Mangano:2019kji,
    author = "Mangano, Michelangelo",
    title = "{TASI Lectures on Future Colliders}",
    eprint = "1905.07489",
    archivePrefix = "arXiv",
    primaryClass = "hep-ph",
    reportNumber = "CERN-TH-2019-073",
    journal = "PoS",
    volume = "TASI2018",
    pages = "008",
    year = "2019"
}

@article{deFlorian:2016spz,
      author         = "de Florian, D. and others",
      title          = "{Handbook of LHC Higgs Cross Sections: 4. Deciphering the
                        Nature of the Higgs Sector}",
      collaboration  = "LHC Higgs Cross Section Working Group",
      doi            = "10.23731/CYRM-2017-002",
      year           = "2016",
      eprint         = "1610.07922",
      archivePrefix  = "arXiv",
      primaryClass   = "hep-ph",
      reportNumber   = "FERMILAB-FN-1025-T, CERN-2017-002-M",
      SLACcitation   = "%%CITATION = ARXIV:1610.07922;%%"
}

@article{Nakamura:2017irk,
      author         = "Nakamura, Koji and Nishiwaki, Kenji and Oda, Kin-ya and
                        Park, Seong Chan and Yamamoto, Yasuhiro",
      title          = "{Di-higgs enhancement by neutral scalar as probe of new
                        colored sector}",
      journal        = "Eur. Phys. J.",
      volume         = "C77",
      year           = "2017",
      number         = "5",
      pages          = "273",
      doi            = "10.1140/epjc/s10052-017-4835-4",
      eprint         = "1701.06137",
      archivePrefix  = "arXiv",
      primaryClass   = "hep-ph",
      reportNumber   = "KIAS-P17006, OU-HET-923",
      SLACcitation   = "%%CITATION = ARXIV:1701.06137;%%"
}

@article{Englert:2019eyl,
      author         = "Englert, Christoph and Jaeckel, Joerg",
      title          = "{Probing the Symmetric Higgs Portal with Di-Higgs
                        Production}",
      year           = "2019",
      eprint         = "1908.10615",
      archivePrefix  = "arXiv",
      primaryClass   = "hep-ph",
      SLACcitation   = "%%CITATION = ARXIV:1908.10615;%%"
}

@article{Robens:2019kga,
      author         = "Robens, Tania and Stefaniak, Tim and Wittbrodt, Jonas",
      title          = "{Two-real-scalar-singlet extension of the SM: LHC
                        phenomenology and benchmark scenarios}",
      year           = "2019",
      eprint         = "1908.08554",
      archivePrefix  = "arXiv",
      primaryClass   = "hep-ph",
      reportNumber   = "DESY-19-142",
      SLACcitation   = "%%CITATION = ARXIV:1908.08554;%%"
}

@article{Tang:2012pv,
      author         = "Tang, Yong",
      title          = "{Implications of LHC Searches for Massive Graviton}",
      journal        = "JHEP",
      volume         = "08",
      year           = "2012",
      pages          = "078",
      doi            = "10.1007/JHEP08(2012)078",
      eprint         = "1206.6949",
      archivePrefix  = "arXiv",
      primaryClass   = "hep-ph",
      SLACcitation   = "%%CITATION = ARXIV:1206.6949;%%"
}
%%%%%%%%%%%%%%%%%%%%%%%%%%%%%% Introduction END %%%%%%%%%%%%%%%%

%%%%%%%%%%%%%%%%%%%%%%%%%%%%%% Common Hgg PAPER/PAS/AN%%%%%%%%%%%%%%%%
@ARTICLE{AN-19-149,
  AUTHOR       = "{Higgs to Gamma Gamma Working Group}",
  TITLE        = "{Common tools for analyses of Higgs boson decay in the diphoton final state}",
  JOURNAL      = "CMS Analysis Note AN-2019-149",
  URL          = {http://cms.cern.ch/iCMS/jsp/db_notes/noteInfo.jsp?cmsnoteid=CMS\%20AN-2019/149},
  VOLUME       = "2019/149",
  YEAR         = "2019"
}

@article{Sirunyan:2018ouh,
      author         = "Sirunyan, A. M. and others",
      title          = "{Measurements of Higgs boson properties in the diphoton
                        decay channel in proton-proton collisions at $\sqrt{s} =$
                        13 TeV}",
      collaboration  = "CMS",
      journal        = "JHEP",
      volume         = "11",
      year           = "2018",
      pages          = "185",
      doi            = "10.1007/JHEP11(2018)185",
      eprint         = "1804.02716",
      archivePrefix  = "arXiv",
      primaryClass   = "hep-ex",
      reportNumber   = "CMS-HIG-16-040, CERN-EP-2018-060",
      SLACcitation   = "%%CITATION = ARXIV:1804.02716;%%"
}

@article{DBLP:journals/corr/abs-1211-6581,
  author    = {Eleftherios Spyromitros-Xioufis and
               William Groves and
               Grigorios Tsoumakas and
               Ioannis Vlahavas},
  title     = "Multi-target regression via input space expansion: treating targets as inputs",
  journal   = {Mach Learn},
  volume    = {104},
  year      = {2016},
  doi       = "10.1007/s10994-016-5546-z",
  archivePrefix = {arXiv},
  eprint    = "1211.6581",
  timestamp = {Mon, 13 Aug 2018 16:47:39 +0200},
  biburl    = {https://dblp.org/rec/bib/journals/corr/abs-1211-6581},
  bibsource = {dblp computer science bibliography, https://dblp.org}
}
%%%%%%%%%%%%%%%%%%%%%%%%%%%%%% Common Hgg PAPER/PAS/AN END%%%%%%%%%%%%

%%%%%%%%%%%%%%%%%%%%%%%%%%%%%% MC SAMPLES START %%%%%%%%%%%%%%%%%%%%%%%%%%%%%%
@article{Alwall:2014hca,
    author = "Alwall, J. and Frederix, R. and Frixione, S. and Hirschi, V. and Maltoni, F. and Mattelaer, O. and Shao, H. -S. and Stelzer, T. and Torrielli, P. and Zaro, M.",
    title = "{The automated computation of tree-level and next-to-leading order differential cross sections, and their matching to parton shower simulations}",
    eprint = "1405.0301",
    archivePrefix = "arXiv",
    primaryClass = "hep-ph",
    reportNumber = "CERN-PH-TH-2014-064, CP3-14-18, LPN14-066, MCNET-14-09, ZU-TH-14-14",
    doi = "10.1007/JHEP07(2014)079",
    journal = "JHEP",
    volume = "07",
    pages = "079",
    year = "2014"
}

@article{Nason:2004rx,
    author = "Nason, Paolo",
    title = "{A New method for combining NLO QCD with shower Monte Carlo algorithms}",
    eprint = "hep-ph/0409146",
    archivePrefix = "arXiv",
    reportNumber = "BICOCCA-FT-04-11",
    doi = "10.1088/1126-6708/2004/11/040",
    journal = "JHEP",
    volume = "11",
    pages = "040",
    year = "2004"
}

@article{Frixione:2007vw,
    author = "Frixione, Stefano and Nason, Paolo and Oleari, Carlo",
    title = "{Matching NLO QCD computations with Parton Shower simulations: the POWHEG method}",
    eprint = "0709.2092",
    archivePrefix = "arXiv",
    primaryClass = "hep-ph",
    reportNumber = "BICOCCA-FT-07-9, GEF-TH-21-2007",
    doi = "10.1088/1126-6708/2007/11/070",
    journal = "JHEP",
    volume = "11",
    pages = "070",
    year = "2007"
}

@article{Alioli:2010xd,
    author = "Alioli, Simone and Nason, Paolo and Oleari, Carlo and Re, Emanuele",
    title = "{A general framework for implementing NLO calculations in shower Monte Carlo programs: the POWHEG BOX}",
    eprint = "1002.2581",
    archivePrefix = "arXiv",
    primaryClass = "hep-ph",
    reportNumber = "DESY-10-018, SFB-CPP-10-22, IPPP-10-11, DCPT-10-22",
    doi = "10.1007/JHEP06(2010)043",
    journal = "JHEP",
    volume = "06",
    pages = "043",
    year = "2010"
}

@article{Heinrich:2019bkc,
    author = "Heinrich, G. and Jones, S.P. and Kerner, M. and Luisoni, G. and Scyboz, L.",
    title = "{Probing the trilinear Higgs boson coupling in di-Higgs production at NLO QCD including parton shower effects}",
    eprint = "1903.08137",
    archivePrefix = "arXiv",
    primaryClass = "hep-ph",
    reportNumber = "CERN-TH-2019-028, MPP-2019-50, ZU-TH-09/19",
    doi = "10.1007/JHEP06(2019)066",
    journal = "JHEP",
    volume = "06",
    pages = "066",
    year = "2019"
}

@article{Sjostrand:2014zea,
      author         = "Sj{\"o}strand, Torbj{\"o}rn and Ask, Stefan and Christiansen,
                        Jesper R. and Corke, Richard and Desai, Nishita and Ilten,
                        Philip and Mrenna, Stephen and Prestel, Stefan and
                        Rasmussen, Christine O. and Skands, Peter Z.",
      title          = "{An Introduction to PYTHIA 8.2}",
      journal        = "Comput. Phys. Commun.",
      volume         = "191",
      year           = "2015",
      pages          = "159-177",
      doi            = "10.1016/j.cpc.2015.01.024",
      eprint         = "1410.3012",
      archivePrefix  = "arXiv",
      primaryClass   = "hep-ph",
      reportNumber   = "LU-TP-14-36, MCNET-14-22, CERN-PH-TH-2014-190,
                        FERMILAB-PUB-14-316-CD, DESY-14-178, SLAC-PUB-16122",
      SLACcitation   = "%%CITATION = ARXIV:1410.3012;%%"
}

@article{Khachatryan:2015pea,
      author         = "Khachatryan, Vardan and others",
      title          = "{Event generator tunes obtained from underlying event and
                        multiparton scattering measurements}",
      collaboration  = "CMS",
      journal        = "Eur. Phys. J.",
      volume         = "C76",
      year           = "2016",
      number         = "3",
      pages          = "155",
      doi            = "10.1140/epjc/s10052-016-3988-x",
      eprint         = "1512.00815",
      archivePrefix  = "arXiv",
      primaryClass   = "hep-ex",
      reportNumber   = "CMS-GEN-14-001, CERN-PH-EP-2015-291",
      SLACcitation   = "%%CITATION = ARXIV:1512.00815;%%"
}

@article{Sirunyan:2019dfx,
      author         = "Sirunyan, Albert M and others",
      title          = "{Extraction and validation of a new set of CMS PYTHIA8
                        tunes from underlying-event measurements}",
      collaboration  = "CMS",
      year           = "2019",
      eprint         = "1903.12179",
      archivePrefix  = "arXiv",
      primaryClass   = "hep-ex",
      reportNumber   = "CMS-GEN-17-001, CERN-EP-2019-007",
      SLACcitation   = "%%CITATION = ARXIV:1903.12179;%%"
}
%%%%%%%%%%%%%%%%%%%%%%%%%%%%%% MC SAMPLES END %%%%%%%%%%%%%%%%%%%%%%%%%%%%%%

%%%%%%%%%%%%%%%%%%%%%%%%%%%%%% START: Even Selection/Reconstruction %%%%%%%%%%%%%%%%%%%%%%%%%%%%%%

@article{Sirunyan:2017ulk,
    author = "Sirunyan, A. M. and others",
    collaboration = "CMS",
    title = "{Particle-flow reconstruction and global event description with the CMS detector}",
    eprint = "1706.04965",
    archivePrefix = "arXiv",
    primaryClass = "physics.ins-det",
    reportNumber = "CMS-PRF-14-001, CERN-EP-2017-110",
    doi = "10.1088/1748-0221/12/10/P10003",
    journal = "JINST",
    volume = "12",
    number = "10",
    pages = "P10003",
    year = "2017"
}

@article{Khachatryan:2014ira,
    author = "Khachatryan, Vardan and others",
    collaboration = "CMS",
    title = "{Observation of the Diphoton Decay of the Higgs Boson and Measurement of Its Properties}",
    eprint = "1407.0558",
    archivePrefix = "arXiv",
    primaryClass = "hep-ex",
    reportNumber = "CMS-HIG-13-001, CERN-PH-EP-2014-117",
    doi = "10.1140/epjc/s10052-014-3076-z",
    journal = "Eur. Phys. J. C",
    volume = "74",
    number = "10",
    pages = "3076",
    year = "2014"
}

@article{Chatrchyan:2014fea,
    author = "Chatrchyan, Serguei and others",
    collaboration = "CMS",
    title = "{Description and performance of track and primary-vertex reconstruction with the CMS tracker}",
    eprint = "1405.6569",
    archivePrefix = "arXiv",
    primaryClass = "physics.ins-det",
    reportNumber = "CMS-TRK-11-001, CERN-PH-EP-2014-070",
    doi = "10.1088/1748-0221/9/10/P10009",
    journal = "JINST",
    volume = "9",
    number = "10",
    pages = "P10009",
    year = "2014"
}
%%%%%%%%%%%%%%%%%%%%%%%%%%%%%% END: Even Selection/Reconstruction %%%%%%%%%%%%%%%%%%%%%%%%%%%%%%

%%%%%%%%%%%%%%%%%%%%%%%%%%%%%% EFT START %%%%%%%%%%%%%%%%%%%%%%%%%%%%%%
@article{Carvalho:2016rys,
    author = "Carvalho, Alexandra and Dall'Osso, Martino and De Castro Manzano, Pablo and Dorigo, Tommaso and Goertz, Florian and Gouzevich, Maxime and Tosi, Mia",
    title = "{Analytical parametrization and shape classification of anomalous HH production in the EFT approach}",
    eprint = "1608.06578",
    archivePrefix = "arXiv",
    primaryClass = "hep-ph",
    reportNumber = "LHCHXSWG-2016-001",
    month = "7",
    year = "2016"
}

@article{Carvalho:2015ttv,
    author = "Carvalho, Alexandra and Dall'Osso, Martino and Dorigo, Tommaso and Goertz, Florian and Gottardo, Carlo A. and Tosi, Mia",
    title = "{Higgs Pair Production: Choosing Benchmarks With Cluster Analysis}",
    eprint = "1507.02245",
    archivePrefix = "arXiv",
    primaryClass = "hep-ph",
    doi = "10.1007/JHEP04(2016)126",
    journal = "JHEP",
    volume = "04",
    pages = "126",
    year = "2016"
}

@article{Carvalho:2017vnu,
    author = "Carvalho, Alexandra and Goertz, Florian and Mimasu, Ken and Gouzevitch, Maxime and Aggarwal, Anamika",
    title = "{On the reinterpretation of non-resonant searches for Higgs boson pairs}",
    eprint = "1710.08261",
    archivePrefix = "arXiv",
    primaryClass = "hep-ph",
    month = "10",
    year = "2017"
}

@article{Buchalla:2018yce,
    author = "Buchalla, G. and Capozi, M. and Celis, A. and Heinrich, G. and Scyboz, L.",
    title = "{Higgs boson pair production in non-linear Effective Field Theory with full $m_t$-dependence at NLO QCD}",
    eprint = "1806.05162",
    archivePrefix = "arXiv",
    primaryClass = "hep-ph",
    reportNumber = "LMU-ASC 34/18, MPP-2018-127, LMU-ASC-34-18",
    doi = "10.1007/JHEP09(2018)057",
    journal = "JHEP",
    volume = "09",
    pages = "057",
    year = "2018"
}

@article{Heinrich:2020ckp,
    author = "Heinrich, Gudrun and Jones, Stephen P. and Kerner, Matthias and Scyboz, Ludovic",
    title = "{A non-linear EFT description of $gg\to HH$ at NLO interfaced to POWHEG}",
    eprint = "2006.16877",
    archivePrefix = "arXiv",
    primaryClass = "hep-ph",
    reportNumber = "CERN-TH-2020-106, KA-TP-04-2020, OUTP-20-06P, P3H-20-026,
  ZU-TH-21/20, P3H-20-026, ZU-TH-21/20",
    doi = "10.1007/JHEP10(2020)021",
    journal = "JHEP",
    volume = "10",
    pages = "021",
    year = "2020"
}

@article{Capozi:2019xsi,
    author = "Capozi, Matteo and Heinrich, Gudrun",
    title = "{Exploring anomalous couplings in Higgs boson pair production through shape analysis}",
    eprint = "1908.08923",
    archivePrefix = "arXiv",
    primaryClass = "hep-ph",
    reportNumber = "MPP-2019-183",
    doi = "10.1007/JHEP03(2020)091",
    journal = "JHEP",
    volume = "03",
    pages = "091",
    year = "2020"
}

@article{AGOSTINELLI2003250,
title = {Geant4 - a simulation toolkit},
journal = {Nuclear Instruments and Methods in Physics Research Section A: Accelerators, Spectrometers, Detectors and Associated Equipment},
volume = {506},
number = {3},
pages = {250-303},
year = {2003},
issn = {0168-9002},
doi = {https://doi.org/10.1016/S0168-9002(03)01368-8},
url = {https://www.sciencedirect.com/science/article/pii/S0168900203013688},
author = {S. Agostinelli and J. Allison and K. Amako and J. Apostolakis and H. Araujo and P. Arce and M. Asai and D. Axen and S. Banerjee and G. Barrand and F. Behner and L. Bellagamba and J. Boudreau and L. Broglia and A. Brunengo and H. Burkhardt and S. Chauvie and J. Chuma and R. Chytracek and G. Cooperman and G. Cosmo and P. Degtyarenko and A. Dell'Acqua and G. Depaola and D. Dietrich and R. Enami and A. Feliciello and C. Ferguson and H. Fesefeldt and G. Folger and F. Foppiano and A. Forti and S. Garelli and S. Giani and R. Giannitrapani and D. Gibin and J.J. {G\'{o}mez Cadenas} and I. Gonz\'{a}lez and G. {Gracia Abril} and G. Greeniaus and W. Greiner and V. Grichine and A. Grossheim and S. Guatelli and P. Gumplinger and R. Hamatsu and K. Hashimoto and H. Hasui and A. Heikkinen and A. Howard and V. Ivanchenko and A. Johnson and F.W. Jones and J. Kallenbach and N. Kanaya and M. Kawabata and Y. Kawabata and M. Kawaguti and S. Kelner and P. Kent and A. Kimura and T. Kodama and R. Kokoulin and M. Kossov and H. Kurashige and E. Lamanna and T. Lamp\'{e}n and V. Lara and V. Lefebure and F. Lei and M. Liendl and W. Lockman and F. Longo and S. Magni and M. Maire and E. Medernach and K. Minamimoto and P. {Mora de Freitas} and Y. Morita and K. Murakami and M. Nagamatu and R. Nartallo and P. Nieminen and T. Nishimura and K. Ohtsubo and M. Okamura and S. O'Neale and Y. Oohata and K. Paech and J. Perl and A. Pfeiffer and M.G. Pia and F. Ranjard and A. Rybin and S. Sadilov and E. {Di Salvo} and G. Santin and T. Sasaki and N. Savvas and Y. Sawada and S. Scherer and S. Sei and V. Sirotenko and D. Smith and N. Starkov and H. Stoecker and J. Sulkimo and M. Takahata and S. Tanaka and E. Tcherniaev and E. {Safai Tehrani} and M. Tropeano and P. Truscott and H. Uno and L. Urban and P. Urban and M. Verderi and A. Walkden and W. Wander and H. Weber and J.P. Wellisch and T. Wenaus and D.C. Williams and D. Wright and T. Yamada and H. Yoshida and D. Zschiesche},
keywords = {Simulation, Particle interactions, Geometrical modelling, Software engineering, Object-oriented technology, Distributed software development},
abstract = {Geant4 is a toolkit for simulating the passage of particles through matter. It includes a complete range of functionality including tracking, geometry, physics models and hits. The physics processes offered cover a comprehensive range, including electromagnetic, hadronic and optical processes, a large set of long-lived particles, materials and elements, over a wide energy range starting, in some cases, from 250eV and extending in others to the TeV energy range. It has been designed and constructed to expose the physics models utilised, to handle complex geometries, and to enable its easy adaptation for optimal use in different sets of applications. The toolkit is the result of a worldwide collaboration of physicists and software engineers. It has been created exploiting software engineering and object-oriented technology and implemented in the C++ programming language. It has been used in applications in particle physics, nuclear physics, accelerator design, space engineering and medical physics.}
}

@article{Artoisenet:2012st,
      author         = "Artoisenet, Pierre and Frederix, Rikkert and Mattelaer,
                        Olivier and Rietkerk, Robbert",
      title          = "Automatic spin-entangled decays of heavy resonances in
                        {Monte Carlo} simulations",
      journal        = "JHEP",
      volume         = "03",
      year           = "2013",
      pages          = "015",
      doi            = "10.1007/JHEP03(2013)015",
      eprint         = "1212.3460",
      archivePrefix  = "arXiv",
      primaryClass   = "hep-ph",
}

@article{Frederix:2012ps,
    author = "Frederix, Rikkert and Frixione, Stefano",
    title = "{Merging meets matching in MC@NLO}",
    eprint = "1209.6215",
    archivePrefix = "arXiv",
    primaryClass = "hep-ph",
    reportNumber = "CERN-PH-TH-2012-247, ZU-TH-21-12",
    doi = "10.1007/JHEP12(2012)061",
    journal = "JHEP",
    volume = "12",
    pages = "061",
    year = "2012"
}

@article{Bothmann:2019yzt,
    author = "Bothmann, Enrico and others",
    collaboration = "Sherpa",
    title = "{Event Generation with Sherpa 2.2}",
    eprint = "1905.09127",
    archivePrefix = "arXiv",
    primaryClass = "hep-ph",
    reportNumber = "FERMILAB-PUB-19-218-T, SLAC-PUB-17433, IPPP/19/42, MCNET-19-11",
    doi = "10.21468/SciPostPhys.7.3.034",
    journal = "SciPost Phys.",
    volume = "7",
    number = "3",
    pages = "034",
    year = "2019"
}

@misc{hhmg,
       howpublished = {\url{https://cp3.irmp.ucl.ac.be/projects/madgraph/wiki/HiggsPairProduction}},
}

@misc{reweighting_results_1,
       howpublished = {\url{https://indico.cern.ch/event/996682/contributions/4232107/}},
}

@misc{reweighting_results_2,
       howpublished = {\url{https://indico.cern.ch/event/996681/contributions/4212133/}},
}

@misc{reweighting_implementation,
       howpublished = {\url{https://github.com/pmandrik/VSEVA/blob/master/HHWWgg/reweight/reweight_HH.C}},
}
%%%%%%%%%%%%%%%%%%%%%%%%%%%%%% EFT END %%%%%%%%%%%%%%%%%%%%%%%%%%%%%%

%%%%%%%%%%%%%%%%%%%%%%%%%%%%%% BDT START %%%%%%%%%%%%%%%%%%%%%%%%%%%%%%
@article{TMVA2007,
      author         = "Hocker, Andreas and others",
      title          = "{TMVA - Toolkit for Multivariate Data Analysis}",
      booktitle      = "{Proceedings, 11th International Workshop on Advanced
                        computing and analysis techniques in physics research
                        (ACAT 2007): Amsterdam, Netherlands, April 23-27, 2007}",
      journal        = "PoS",
      volume         = "ACAT",
      year           = "2007",
      pages          = "040",
      eprint         = "physics/0703039",
      archivePrefix  = "arXiv",
      primaryClass   = "PHYSICS",
      reportNumber   = "CERN-OPEN-2007-007",
      SLACcitation   = "%%CITATION = PHYSICS/0703039;%%"
}
%%%%%%%%%%%%%%%%%%%%%%%%%%%%%% BDT END %%%%%%%%%%%%%%%%%%%%%%%%%%%%%%

%%%%%%%%%%%%%%%%%%%%%%%%%%%%%% SYSTEMATICS UNCERTANTIES START %%%%%%%%%%%%%%%%%%%%%%%%%%%%%%
@misc{SysLuminosity,
      howpublished = {\url{https://twiki.cern.ch/twiki/bin/viewauth/CMS/TWikiLUM}},
}

@misc{TriggerPrefire,
      howpublished = {\url{https://twiki.cern.ch/twiki/bin/viewauth/CMS/L1ECALPrefiringWeightRecipe}},
}

@article{Sirunyan:2018fpa,
      author         = "Sirunyan, A. M. and others",
      title          = "{Performance of the CMS muon detector and muon
                        reconstruction with proton-proton collisions at
                        $\sqrt{s}=$ 13 TeV}",
      collaboration  = "CMS",
      journal        = "JINST",
      volume         = "13",
      year           = "2018",
      pages          = "P06015",
      doi            = "10.1088/1748-0221/13/06/P06015",
      eprint         = "1804.04528",
      archivePrefix  = "arXiv",
      primaryClass   = "physics.ins-det",
      reportNumber   = "CMS-MUO-16-001, CERN-EP-2018-058",
      SLACcitation   = "%%CITATION = ARXIV:1804.04528;%%"
}

@article{Khachatryan:2015hwa,
    author = "Khachatryan, Vardan and others",
    collaboration = "CMS",
    title = "{Performance of Electron Reconstruction and Selection with the CMS Detector in Proton-Proton Collisions at \ensuremath{\sqrt{}}s = 8  TeV}",
    eprint = "1502.02701",
    archivePrefix = "arXiv",
    primaryClass = "physics.ins-det",
    reportNumber = "CMS-EGM-13-001, CERN-PH-EP-2015-004",
    doi = "10.1088/1748-0221/10/06/P06005",
    journal = "JINST",
    volume = "10",
    number = "06",
    pages = "P06005",
    year = "2015"
}

@misc{SysElectronEnergyResolution,
      howpublished = {\url{https://twiki.cern.ch/twiki/bin/viewauth/CMS/EgammaMiniAODV2#Energy_Scale_and_Smearing}},
}

@ARTICLE{10.3389/fspas.2018.00040,
  
AUTHOR={Markkanen, Tommi and Rajantie, Arttu and Stopyra, Stephen},   
	 
TITLE={Cosmological Aspects of Higgs Vacuum Metastability},      
	
JOURNAL={Frontiers in Astronomy and Space Sciences},      
	
VOLUME={5},      
	
YEAR={2018},      
	  
URL={https://www.frontiersin.org/article/10.3389/fspas.2018.00040},       
	
DOI={10.3389/fspas.2018.00040},      
	
ISSN={2296-987X},   
   
ABSTRACT={The current central experimental values of the parameters of the Standard Model give rise to a striking conclusion: metastability of the electroweak vacuum is favored over absolute stability. A metastable vacuum for the Higgs boson implies that it is possible, and in fact inevitable, that a vacuum decay takes place with catastrophic consequences for the Universe. The metastability of the Higgs vacuum is especially significant for cosmology, because there are many mechanisms that could have triggered the decay of the electroweak vacuum in the early Universe. We present a comprehensive review of the implications from Higgs vacuum metastability for cosmology along with a pedagogical discussion of the related theoretical topics, including renormalization group improvement, quantum field theory in curved spacetime and vacuum decay in field theory.}
}


@article{Khachatryan:2016kdb,
    author = "Khachatryan, Vardan and others",
    collaboration = "CMS",
    title = "{Jet energy scale and resolution in the CMS experiment in pp collisions at 8 TeV}",
    eprint = "1607.03663",
    archivePrefix = "arXiv",
    primaryClass = "hep-ex",
    reportNumber = "CMS-JME-13-004, CERN-PH-EP-2015-305",
    doi = "10.1088/1748-0221/12/02/P02014",
    journal = "JINST",
    volume = "12",
    number = "02",
    pages = "P02014",
    year = "2017"
}

@misc{SysJetEnergyResolution,
      howpublished = {\url{https://twiki.cern.ch/twiki/bin/view/CMS/JECUncertaintySources#Run_2_reduced_set_of_uncertainty}},
}

@article{Sirunyan:2017ezt,
    author = "Sirunyan, A.M. and others",
    collaboration = "CMS",
    title = "{Identification of heavy-flavour jets with the CMS detector in pp collisions at 13 TeV}",
    eprint = "1712.07158",
    archivePrefix = "arXiv",
    primaryClass = "physics.ins-det",
    reportNumber = "CMS-BTV-16-002, CERN-EP-2017-326",
    doi = "10.1088/1748-0221/13/05/P05011",
    journal = "JINST",
    volume = "13",
    number = "05",
    pages = "P05011",
    year = "2018"
}

@misc{BtaginMethods,
      howpublished = {\url{https://twiki.cern.ch/twiki/bin/view/CMS/BTagSFMethods#1a_Event_reweighting_using_scale}},
}

@article{Butterworth:2015oua,
    author = "Butterworth, Jon and others",
    title = "{PDF4LHC recommendations for LHC Run II}",
    eprint = "1510.03865",
    archivePrefix = "arXiv",
    primaryClass = "hep-ph",
    reportNumber = "OUTP-15-17P, SMU-HEP-15-12, TIF-UNIMI-2015-14, LCTS-2015-27, CERN-PH-TH-2015-249",
    doi = "10.1088/0954-3899/43/2/023001",
    journal = "J. Phys. G",
    volume = "43",
    pages = "023001",
    year = "2016"
}

@article{Ball:2014uwa,
    author = "Ball, Richard D. and others",
    collaboration = "NNPDF",
    title = "{Parton distributions for the LHC Run II}",
    eprint = "1410.8849",
    archivePrefix = "arXiv",
    primaryClass = "hep-ph",
    reportNumber = "EDINBURGH-2014-15, IFUM-1034-FT, CERN-PH-TH-2013-253, OUTP-14-11P, CAVENDISH-HEP-14-11",
    doi = "10.1007/JHEP04(2015)040",
    journal = "JHEP",
    volume = "04",
    pages = "040",
    year = "2015"
}

@article{Grazzini:2018bsd,
    author = "Grazzini, Massimiliano and Heinrich, Gudrun and Jones, Stephen and Kallweit, Stefan and Kerner, Matthias and Lindert, Jonas M. and Mazzitelli, Javier",
    title = "{Higgs boson pair production at NNLO with top quark mass effects}",
    eprint = "1803.02463",
    archivePrefix = "arXiv",
    primaryClass = "hep-ph",
    reportNumber = "CERN-TH-2018-044, IPPP/18/15, MPP-2018-30, ZU-TH 10/18, IPPP-18-15, ZU-TH-10-18",
    doi = "10.1007/JHEP05(2018)059",
    journal = "JHEP",
    volume = "05",
    pages = "059",
    year = "2018"
}
@ARTICLE{AN-16-171,
   AUTHOR       = "{Higgs to W W Working Group}",
   TITLE        = "{Search for high mass resonances using WW fully leptonic decays at 13 TeV}",
   JOURNAL      = "CMS Analysis Note AN-2016-171",
   URL          = {http://cms.cern.ch/iCMS/jsp/db_notes/noteInfo.jsp?cmsnoteid=CMS\%20AN-2016/171},
   VOLUME       = "2016/171",
   YEAR         = "2016"
}
@ARTICLE{AN-19-186,
   AUTHOR       = "{tt Higgs Working Group}",
   TITLE        = "{ttH ($H\rightarrow \gamma\gamma$ ) at $\sqrt{s}$ = 13 TeV with the Run II dataset}",
   JOURNAL      = "CMS Analysis Note AN-2019-186",
   URL          = {http://cms.cern.ch/iCMS/jsp/db_notes/noteInfo.jsp?cmsnoteid=CMS\%20AN-2019/186},
   VOLUME       = "2019/186",
   YEAR         = "2019"
}

@misc{ExpectedFSMSerror,
       howpublished = {\url{https://github.com/pmandrik/HH_pair/tree/master/HH_yyWW/cms_results_v0}},
}

@article{whiteson_DNN,
author = {Baldi, Pierre and Sadowski, Peter and Whiteson, Daniel},
year = {2014},
month = {07},
pages = {4308},
title = {Searching for Exotic Particles in High-Energy Physics with Deep Learning},
volume = {5},
journal = {Nature communications},
doi = {10.1038/ncomms5308}
}

@article{Kingma2014,
  author        = {Diederik P. Kingma and Jimmy Ba},
  title         = {Adam: A Method for Stochastic Optimization},
  year          = {2014},
  month         = dec,
  abstract      = {We introduce Adam, an algorithm for first-order gradient-based optimization of stochastic objective functions, based on adaptive estimates of lower-order moments. The method is straightforward to implement, is computationally efficient, has little memory requirements, is invariant to diagonal rescaling of the gradients, and is well suited for problems that are large in terms of data and/or parameters. The method is also appropriate for non-stationary objectives and problems with very noisy and/or sparse gradients. The hyper-parameters have intuitive interpretations and typically require little tuning. Some connections to related algorithms, on which Adam was inspired, are discussed. We also analyze the theoretical convergence properties of the algorithm and provide a regret bound on the convergence rate that is comparable to the best known results under the online convex optimization framework. Empirical results demonstrate that Adam works well in practice and compares favorably to other stochastic optimization methods. Finally, we discuss AdaMax, a variant of Adam based on the infinity norm.},
  archiveprefix = {arXiv},
  eprint        = {1412.6980},
  file          = {:http\://arxiv.org/pdf/1412.6980v9:PDF},
  keywords      = {cs.LG},
  primaryclass  = {cs.LG}
}

@book{shapley_values,
  author    = {L. S. Shapley},
  booktitle = {Contributions to the Theory of Games ({AM}-28), Volume {II}},
  publisher = {Princeton University Press},
  title     = {17. A Value for n-Person Games},
  year      = {1953},
  month     = {dec},
  pages     = {307--318},
  doi       = {10.1515/9781400881970-018}
}

@article{Lundberg2017,
  author        = {Scott Lundberg and Su-In Lee},
  title         = {A Unified Approach to Interpreting Model Predictions},
  year          = {2017},
  month         = {may},
  abstract      = {Understanding why a model makes a certain prediction can be as crucial as the prediction's accuracy in many applications. However, the highest accuracy for large modern datasets is often achieved by complex models that even experts struggle to interpret, such as ensemble or deep learning models, creating a tension between accuracy and interpretability. In response, various methods have recently been proposed to help users interpret the predictions of complex models, but it is often unclear how these methods are related and when one method is preferable over another. To address this problem, we present a unified framework for interpreting predictions, SHAP (SHapley Additive exPlanations). SHAP assigns each feature an importance value for a particular prediction. Its novel components include: (1) the identification of a new class of additive feature importance measures, and (2) theoretical results showing there is a unique solution in this class with a set of desirable properties. The new class unifies six existing methods, notable because several recent methods in the class lack the proposed desirable properties. Based on insights from this unification, we present new methods that show improved computational performance and/or better consistency with human intuition than previous approaches.},
  archiveprefix = {arXiv},
  eprint        = {1705.07874},
  file          = {:http\://arxiv.org/pdf/1705.07874v2:PDF},
  keywords      = {cs.AI, cs.LG, stat.ML},
  primaryclass  = {cs.AI}
}

%%%%%%%%%%%%%%%%%%%%%%%%%%%%%% SYSTEMATICS UNCERTANTIES END %%%%%%%%%%%%%%%%%%%%%%%%%%%%%%

%%%%%%%%%%%%%%%%%%%%%%%%%%%%%% Data-Driven QCD: Start %%%%%%%%%%%%%%%%%%%%%%%%%%%%%%
@article{Sirunyan:2020sum,
    author = "Sirunyan, Albert M and others",
    collaboration = "CMS",
    title = "{Measurements of $\mathrm{t\bar{t}}H$ Production and the CP Structure of the Yukawa Interaction between the Higgs Boson and Top Quark in the Diphoton Decay Channel}",
    eprint = "2003.10866",
    archivePrefix = "arXiv",
    primaryClass = "hep-ex",
    reportNumber = "CMS-HIG-19-013, CERN-EP-2020-028",
    doi = "10.1103/PhysRevLett.125.061801",
    journal = "Phys. Rev. Lett.",
    volume = "125",
    number = "6",
    pages = "061801",
    year = "2020"
}
%%%%%%%%%%%%%%%%%%%%%%%%%%%%%% Data-Driven QCD: END %%%%%%%%%%%%%%%%%%%%%%%%%%%%%%

% @misc{htool,
%       howpublished = {\url{https://cms-analysis.github.io/HiggsAnalysis-CombinedLimit/}},
% }

@article{CLS1,
      author         = "Read, Alexander L.",
      title          = "Presentation of search results: The {CL$_{\text{s}}$} technique",
      journal        = "J. Phys. G",
      volume         = "28",
      year           = "2002",
      pages          = "2693",
      doi            = "10.1088/0954-3899/28/10/313",
      SLACcitation   = "%%CITATION = JPAGA,G28,2693;%%"
}

@article{CLS2,
      author         = "Junk, Thomas",
      title          = "Confidence level computation for combining searches with
                        small statistics",
      journal        = "Nucl. Instrum. Meth. A",
      volume         = "434",
      year           = "1999",
      pages          = "435",
      doi            = "10.1016/S0168-9002(99)00498-2",
      eprint         = "hep-ex/9902006",
      archivePrefix  = "arXiv",
      primaryClass   = "hep-ex",
      reportNumber   = "CARLETON-OPAL-PHYS-99-01, CERN-EP-99-041",
      SLACcitation   = "%%CITATION = HEP-EX/9902006;%%"
}

@article{Cowan:2010js,
    author = "Cowan, Glen and Cranmer, Kyle and Gross, Eilam and Vitells, Ofer",
    title = "{Asymptotic formulae for likelihood-based tests of new physics}",
    eprint = "1007.1727",
    archivePrefix = "arXiv",
    primaryClass = "physics.data-an",
    doi = "10.1140/epjc/s10052-011-1554-0",
    journal = "Eur. Phys. J. C",
    volume = "71",
    pages = "1554",
    year = "2011",
    note = "[Erratum: Eur.Phys.J.C 73, 2501 (2013)]"
}

@article{Dauncey_2015,
   title={Handling uncertainties in background shapes: the discrete profiling method},
   volume={10},
   ISSN={1748-0221},
   url={http://dx.doi.org/10.1088/1748-0221/10/04/P04015},
   DOI={10.1088/1748-0221/10/04/p04015},
   number={04},
   journal={Journal of Instrumentation},
   publisher={IOP Publishing},
   author={Dauncey, P.D. and Kenzie, M. and Wardle, N. and Davies, G.J.},
   year={2015},
   month={Apr},
   pages={P04015}
}

@article{Cowan_2011,
   title={Asymptotic formulae for likelihood-based tests of new physics},
   volume={71},
   ISSN={1434-6052},
   url={http://dx.doi.org/10.1140/epjc/s10052-011-1554-0},
   DOI={10.1140/epjc/s10052-011-1554-0},
   number={2},
   journal={The European Physical Journal C},
   publisher={Springer Science and Business Media LLC},
   author={Cowan, Glen and Cranmer, Kyle and Gross, Eilam and Vitells, Ofer},
   year={2011},
   month={Feb}
}


@article{CMS:2008xjf,
    author = "Chatrchyan, S. and others",
    collaboration = "CMS",
    title = "The {CMS} experiment at the {CERN} {LHC}",
    doi = "10.1088/1748-0221/3/08/S08004",
    journal = "JINST",
    volume = "3",
    pages = "S08004",
    year = "2008"
}
%L1 trigger:

% @article{CMS:2020cmk,
%     author = "Sirunyan, Albert M and others",
%     collaboration = "CMS",
%     title = "{Performance of the CMS Level-1 trigger in proton-proton collisions at $\sqrt{s} = 13$\,TeV}",
%     journal = "JINST",
%     volume = "15",
%     pages = "P10017",
%     year = "2020",
%     doi = "10.1088/1748-0221/15/10/P10017",
%     eprint = "2006.10165",
%     archivePrefix = "arXiv",
%     primaryClass = "hep-ex",
%     reportNumber = "CMS-TRG-17-001, CERN-EP-2020-065",
% }
%HLT:

@article{CMS:2016ngn,
      author         = "Khachatryan, Vardan and others",
      title              = "{The CMS trigger system}",
      collaboration  = "CMS",
      journal        = "JINST",
      volume         = "12",
      pages          = "P01020",
      doi            = "10.1088/1748-0221/12/01/P01020",
      year           = "2017",
      eprint         = "1609.02366",
      archivePrefix  = "arXiv",
      primaryClass   = "physics.ins-det",
      reportNumber   = "CMS-TRG-12-001, CERN-EP-2016-160",
      SLACcitation   = "%%CITATION = ARXIV:1609.02366;%%"
}
%Particle-flow:

@article{CMS:2017yfk,
      author         = "Sirunyan, A. M. and others",
      title          = "Particle-flow reconstruction and global event description with the {CMS} detector",
      collaboration  = "CMS",
      journal     = "JINST",
      volume    = "12",
      year         = "2017",
      pages      = "P10003",
      doi           = "10.1088/1748-0221/12/10/P10003",
      eprint         = "1706.04965",
      archivePrefix  = "arXiv",
      primaryClass   = "physics.ins-det",
      reportNumber   = "CMS-PRF-14-001, CERN-EP-2017-110",
      SLACcitation   = "%%CITATION = ARXIV:1706.04965;%%",
}
%Electron and photon reconstruction and selection, Run 2:

@article{CMS:2020uim,
    author        = "Sirunyan, Albert M and others",
    collaboration = "CMS",
    title         = "Electron and photon reconstruction and identification with the {CMS} experiment at the {CERN} {LHC}",
    eprint        = "2012.06888",
    journal       = "JINST",
    volume        = "16",
    pages         = "P05014",
    year          = "2021",
    archivePrefix = "arXiv",
    primaryClass  = "hep-ex",
    reportNumber  = "CMS-EGM-17-001, CERN-EP-2020-219",
    doi           = "10.1088/1748-0221/16/05/P05014"
}

@techreport{CMS-DP-2020-021,
      title         = "{ECAL} 2016 refined calibration and {Run2} summary plots",
      author        = "{CMS Collaboration}",
      collaboration = "{CMS}",
      url           = "https://cds.cern.ch/record/2717925",
      type          = "CMS Detector Performance Summary",
      number        = "CMS-DP-2020-021",
      year          = "2020"
}
%Electron reconstruction and selection, Run 1:

@article{CMS:2015xaf,
      author         = "Khachatryan, Vardan and others",
      title          = "{Performance of electron reconstruction and selection
                        with the CMS detector in proton-proton collisions at
                        $\sqrt{s} = 8$\TeV}",
      collaboration  = "CMS",
      journal        = "JINST",
      volume         = "10",
      pages          = "P06005",
      doi            = "10.1088/1748-0221/10/06/P06005",
      year           = "2015",
      eprint         = "1502.02701",
      archivePrefix  = "arXiv",
      primaryClass   = "physics.ins-det",
      reportNumber   = "CMS-EGM-13-001, CERN-PH-EP-2015-004",
      SLACcitation   = "%%CITATION = ARXIV:1502.02701;%%",
}
%Muon reconstruction and selection:

@article{CMS:2018rym,
    author = "Sirunyan, A. M. and others",
    collaboration = "CMS",
    title = "{Performance of the CMS muon detector and muon reconstruction with proton-proton collisions at $\sqrt{s}=$ 13 TeV}",
    eprint = "1804.04528",
    archivePrefix = "arXiv",
    primaryClass = "physics.ins-det",
    reportNumber = "CMS-MUO-16-001, CERN-EP-2018-058",
    doi = "10.1088/1748-0221/13/06/P06015",
    journal = "JINST",
    volume = "13",
    pages = "P06015",
    year = "2018"
}
%Photon reconstruction and selection, Run 1:

@article{CMS:2015myp,
    author = "Khachatryan, Vardan and others",
    collaboration = "CMS",
    title = "Performance of Photon Reconstruction and Identification with the {CMS} Detector in Proton-Proton Collisions at sqrt(s) = 8 {TeV}",
    eprint = "1502.02702",
    archivePrefix = "arXiv",
    primaryClass = "physics.ins-det",
    reportNumber = "CMS-EGM-14-001, CERN-PH-EP-2015-006",
    doi = "10.1088/1748-0221/10/08/P08010",
    journal = "JINST",
    volume = "10",
    pages = "P08010",
    year = "2015"
}
%Tracking:

@article{CMS:2014pgm,
    author = "Chatrchyan, Serguei and others",
    collaboration = "CMS",
    title = "{Description and performance of track and primary-vertex reconstruction with the CMS tracker}",
    eprint = "1405.6569",
    archivePrefix = "arXiv",
    primaryClass = "physics.ins-det",
    reportNumber = "CMS-TRK-11-001, CERN-PH-EP-2014-070",
    doi = "10.1088/1748-0221/9/10/P10009",
    journal = "JINST",
    volume = "9",
    pages = "P10009",
    year = "2014"
}
%tau reconstruction and identification:

@article{CMS:2018jrd,
    author = "Sirunyan, A. M. and others",
    collaboration = "CMS",
    title = "{Performance of reconstruction and identification of $\tau$ leptons decaying to hadrons and $\nu_\tau$ in pp collisions at $\sqrt{s}=$ 13 TeV}",
    eprint = "1809.02816",
    archivePrefix = "arXiv",
    primaryClass = "hep-ex",
    reportNumber = "CMS-TAU-16-003, CERN-EP-2018-229",
    doi = "10.1088/1748-0221/13/10/P10005",
    journal = "JINST",
    volume = "13",
    number = "10",
    pages = "P10005",
    year = "2018"
}
%Jets, including jet energy scale and resolution:

@article{CMS:2016lmd,
      author         = "Khachatryan, Vardan and others",
      title          = "{Jet energy scale and resolution in the CMS experiment in
                           pp collisions at 8 TeV}",
      collaboration  = "CMS",
      journal        = "JINST",
      volume         = "12",
      year           = "2017",
      pages          = "P02014",
      doi            = "10.1088/1748-0221/12/02/P02014",
      eprint         = "1607.03663",
      archivePrefix  = "arXiv",
      primaryClass   = "hep-ex",
      reportNumber   = "CMS-JME-13-004, CERN-PH-EP-2015-305",
      SLACcitation   = "%%CITATION = ARXIV:1607.03663;%%"
}
%Missing transverse momentum:

@article{CMS:2019ctu,
      author         = "Sirunyan, Albert M and others",
      title          = "Performance of missing transverse momentum
                        reconstruction in proton-proton collisions at $\sqrt{s} =
                        13$\,{TeV} using the {CMS} detector",
      collaboration  = "CMS",
      journal        = "JINST",
      volume         = "14",
      year           = "2019",
      pages          = "P07004",
      doi            = "10.1088/1748-0221/14/07/P07004",
      eprint         = "1903.06078",
      archivePrefix  = "arXiv",
      primaryClass   = "hep-ex",
      reportNumber   = "CMS-JME-17-001, CERN-EP-2018-335",
      SLACcitation   = "%%CITATION = ARXIV:1903.06078;%%"
}

@article{CMS-LUM-17-003,
    author = "Sirunyan, Albert M and others",
    collaboration = "CMS",
    title = "Precision luminosity measurement in proton-proton collisions at $\sqrt{s} =$ 13 {TeV} in 2015 and 2016 at {CMS}",
    eprint = "2104.01927",
    archivePrefix = "arXiv",
    primaryClass = "hep-ex",
    reportNumber = "CMS-LUM-17-003, CERN-EP-2021-033",
    year = "2021",
    doi = "10.1140/epjc/s10052-021-09538-2",
    journal = "Eur. Phys. J. C",
    volume = "81",
    pages = "800",
}

@techreport{CMS-PAS-LUM-17-004,
    title         = "{CMS} luminosity measurement for the 2017 data-taking period at $\sqrt{s}$ = 13 {TeV}",
    author        = "{CMS Collaboration}",
    collaboration = "{CMS}",
    url           = "https://cds.cern.ch/record/2621960/",
    type          = "CMS Physics Analysis Summary",
    number        = "CMS-PAS-LUM-17-004",
    year          = "2018"
}

@techreport{CMS-PAS-LUM-18-002,
    title         = "{CMS} luminosity measurement for the 2018 data-taking period at $\sqrt{s}$ = 13 {TeV}",
    author        = "{CMS Collaboration}",
    collaboration = "{CMS}",
    url           = "https://cds.cern.ch/record/2676164/",
    type          = "CMS Physics Analysis Summary",
    number        = "CMS-PAS-LUM-18-002",
    year          = "2019"
}

@article{CMS:2020xrn,
    author = "Sirunyan, Albert M and others",
    collaboration = "CMS",
    title = "A measurement of the {Higgs} boson mass in the diphoton decay channel",
    eprint = "2002.06398",
    archivePrefix = "arXiv",
    primaryClass = "hep-ex",
    reportNumber = "CMS-HIG-19-004, CERN-EP-2020-004",
    doi = "10.1016/j.physletb.2020.135425",
    journal = "Phys. Lett. B",
    volume = "805",
    pages = "135425",
    year = "2020"
}

@article{Maltoni:2017ims,
      author         = "Maltoni, Fabio and Pagani, Davide and Shivaji, Ambresh
                        and Zhao, Xiaoran",
      title          = "{Trilinear Higgs coupling determination via single-Higgs
                        differential measurements at the LHC}",
      journal        = "Eur. Phys. J. C",
      volume         = "77",
      year           = "2017",
      pages          = "887",
      doi            = "10.1140/epjc/s10052-017-5410-8",
      eprint         = "1709.08649",
      archivePrefix  = "arXiv",
      primaryClass   = "hep-ph",
      reportNumber   = "CP3-17-37, TUM-HEP-1099-17, MCNET-17-18",
      SLACcitation   = "%%CITATION = ARXIV:1709.08649;%%"
}

@article{Degrassi:2016wml,
    author = "Degrassi, Giuseppe and Giardino, Pier Paolo and Maltoni, Fabio and Pagani, Davide",
    title = "Probing the {Higgs} self coupling via single {Higgs} production at the {LHC}",
    eprint = "1607.04251",
    archivePrefix = "arXiv",
    primaryClass = "hep-ph",
    reportNumber = "CP3-16-38, RM3-TH-16-8",
    doi = "10.1007/JHEP12(2016)080",
    journal = "JHEP",
    volume = "12",
    pages = "080",
    year = "2016"
}

@techreport{Heinemeyer:2013tqa,
      author         = "Heinemeyer, S and others",
      editor         = "Heinemeyer, S",
      title          = "Handbook of {LHC} {Higgs} cross sections: 3. {Higgs}
                        properties",
      type           = "CERN Report",
      number         = "CERN-2013-004",
      doi            = "10.5170/CERN-2013-004",
      year           = "2013",
      eprint         = "1307.1347",
      archivePrefix  = "arXiv",
      primaryClass   = "hep-ph",
      reportNumber   = "CERN-2013-004",
      SLACcitation   = "%%CITATION = ARXIV:1307.1347;%%",
}

% ATLAS HH->WWgammagamma with 2016 data 
@article{Aaboud2018,
    author={Aaboud, M. and others},
    title={Search for Higgs boson pair production in the {$\gamma$$\gamma$$WW^{*}$} channel using $pp$ collision data recorded at  $\sqrt{s} = $ 13 {TeV} with the ATLAS detector},
    journal={The European Physical Journal C},
    year={2018},
    month={Dec},
    day={11},
    volume={78},
    number={12},
    pages={1007},
    abstract={Searches for non-resonant and resonant Higgs boson pair production are performed in the {\$}{\$}{\backslash}gamma {\backslash}gamma WW^*{\$}{\$}channel with the final state of {\$}{\$}{\backslash}gamma {\backslash}gamma {\backslash}ell {\backslash}nu jj{\$}{\$}using 36.1¬†{\$}{\$}{\backslash}hbox {\{}fb{\}}^{\{}-1{\}}{\$}{\$}of proton--proton collision data recorded at a centre-of-mass energy of {\$}{\$}{\backslash}sqrt{\{}s{\}}={\$}{\$}13 TeV by the ATLAS detector at the Large Hadron Collider. No significant deviation from the Standard Model prediction is observed. A 95{\%} confidence-level observed upper limit of 7.7 pb is set on the cross section for non-resonant production, while the expected limit is 5.4 pb. A search for a narrow-width resonance X decaying to a pair of Standard Model Higgs bosons HH is performed with the same set of data, and the observed upper limits on {\$}{\$}{\backslash}sigma (pp{\backslash}rightarrow X){\backslash}times B(X{\backslash}rightarrow HH){\$}{\$}range between 40.0 and 6.1 pb for masses of the resonance between 260 and 500¬†GeV, while the expected limits range between 17.6 and 4.4 pb. When deriving the limits above, the Standard Model branching ratios of the {\$}{\$}H{\{}{\backslash}rightarrow {\}}{\{}{\backslash}gamma {\backslash}gamma {\}}{\$}{\$}and {\$}{\$}H{\{}{\backslash}rightarrow {\}}WW^*{\$}{\$}are assumed.},
    issn={1434-6052},
    doi={10.1140/epjc/s10052-018-6457-x},
    url={https://doi.org/10.1140/epjc/s10052-018-6457-x}
}
